2902 4884
321 382 366 446 90
659 392 694 439 A.
713 387 928 437 uuaruuru.

323 559 409 616 ratae
424 550 480 615 vel
504 549 564 612 alii
596 548 846 631 applicuerunt,
864 553 899 610 et
913 544 1031 609 villam
1061 563 1125 626 pro
1150 544 1275 628 majori

323 659 422 734 parte
440 651 722 728 combusserunt3
739 648 864 731 quibus
887 645 983 709 dedit
1006 645 1143 710 obviam
1166 645 1274 709 domi·

323 771 389 815 nus
408 752 517 832 Hugo
534 748 721 833 Gortenay,
744 765 857 812 comes
876 744 1055 823 Devoniae‚
1077 745 1150 809 fere
1179 751 1275 809 octo·

323 852 513 934 genarius:
543 857 578 914 et
603 849 663 913 alii
690 847 829 926 milites,
845 866 924 911 cnm
941 845 1067 929 patria,
1093 864 1171 909 cum
1188 845 1274 927 ipsis

324 951 522 1016 conflictum
547 950 732 1026 habebant,
762 956 798 1013 et
828 947 963 1031 aliquos
992 946 1037 1010 de
1064 945 1138 1010 suis
1162 946 1275 1027 primo

324 1051 558 1134 perdiderunt,
576 1050 635 1114 sed
659 1049 820 1125 finaliter,
843 1046 1028 1129 resumptis
1044 1046 1188 1123 viribus,
1202 1065 1275 1109 om-

324 1170 385 1215 nes
406 1152 551 1234 piratae,
567 1169 654 1232 quos
676 1156 920 1232 superterram
938 1147 1153 1223 invenerant,
1168 1145 1275 1210 inter·

324 1251 489 1328 lecerunt,
508 1257 544 1314 et
560 1249 596 1313 in
612 1250 698 1314 mari
720 1249 884 1331 fugarunt
899 1273 907 1323 ;
936 1248 985 1311 ita
999 1246 1090 1329 quod
1106 1246 1275 1310 submersi

324 1350 463 1415 fuerunt
478 1369 587 1433 usque
605 1350 843 1414 adnumerum
862 1348 1140 1432 quingentorum,
1157 1364 1276 1410 secun·

324 1450 406 1514 dum
439 1450 701 1516 aestimationem
729 1469 846 1513 eorum
879 1448 938 1530 qui
970 1446 1110 1511 suerunt
1134 1444 1274 1510 ibidem.

326 1547 459 1634 l[Ante
486 1551 614 1614 festum
631 1551 742 1613 sancti
764 1547 946 1613 Michaelis
975 1547 1076 1611 rediit
1107 1545 1276 1629 archiepi-

281 1731 286 1744 .
325 1670 451 1733 scopus
468 1650 511 1714 de
528 1650 746 1731 Brabantia.]

165 1784 255 1824 Edward

163 1835 257 1874 remeius
266 1832 289 1872 ln

165 1886 264 1925 Brabant.

370 1750 472 1825 Item,
504 1750 569 1814 hoc
603 1769 694 1813 anno
728 1768 790 1812 rex
821 1746 959 1827 Angliae
997 1744 1211 1811 ²morabatur
1241 1746 1278 1810 in

327 1850 529 1926 Brabantia,
547 1857 582 1912 et
607 1849 692 1914 locis
710 1848 843 1925 vicinis,
860 1853 1048 1929 expectans
1064 1845 1276 1931 adjutorium

326 1949 619 2014 Theutonicorum
636 1956 670 2012 et
693 1947 839 2012 aliorum
862 1946 1174 2011 confoederatorum
1196 1965 1278 2011 suo·

327 2069 415 2126 rum,
429 2056 464 2112 et
486 2049 589 2111 etiam
612 2048 792 2130 pecuniam
810 2048 852 2111 de
866 2046 997 2128 Anglia
1010 2046 1252 2112 destinandam
1266 2072 1275 2121 ;

327 2156 362 2214 et
378 2149 483 2213 etiam
505 2154 660 2212 mutuum
679 2154 905 2212 mercatorum
932 2153 1029 2211 tanto
1047 2154 1202 2229 tempore
1218 2167 1280 2210 ex-

326 2250 492 2331 pectavit,
508 2248 603 2331 *quod
628 2256 783 2331 tempora
807 2255 891 2330 apta
915 2248 958 2311 ad
974 2247 1112 2325 bellum,
1129 2255 1170 2311 ut
1185 2246 1278 2311 vide·

328 2350 430 2414 batur
457 2349 683 2431 sapientibus,
710 2368 773 2431 pro
800 2348 865 2412 illo
890 2367 981 2411 anno
1007 2347 1105 2430 lapsa
1126 2347 1277 2410 fuerunt.

331 2449 498 2513 Finaliter
520 2456 635 2512 tamen
662 2455 840 2530 assumpta
865 2449 930 2512 sibi
962 2447 1118 2523 audacia,
1149 2447 1280 2512 virtute

328 2549 469 2631 propria
480 2555 516 2612 et
531 2548 675 2612 aliorum
694 2568 893 2631 paucorum,
909 2547 999 2611 dixit
1014 2568 1052 2612 se
1066 2547 1155 2613 velle
1171 2555 1280 2630 temp-

329 2655 414 2724 tare,
441 2655 476 2712 ct
498 2667 642 2728 regnum
663 2649 818 2712 Franciae
840 2648 1023 2726 debellare,
1041 2655 1080 2713 ut
1105 2648 1135 2712 si
1160 2647 1281 2712 forsan

329 2767 391 2811 rex
411 2748 565 2811 Franciae
588 2749 654 2812 sibi
684 2756 887 2825 occurreret,
916 2749 1030 2831 ipsum
1045 2749 1209 2826 vinceret,
1224 2748 1281 2813 vel

329 2845 531 2912 ³moriretur
546 2847 709 2922 honeste;
737 2849 829 2932 quod
846 2850 1003 2913 videntes
1026 2850 1080 2913 sui
1104 2847 1281 2913 confoedo·

329 2948 396 3011 rati
427 2945 699 3014 ⁴consenserunt
736 2949 848 3031 ipsum
894 2950 1004 3031 sequi,
1047 2956 1086 3014 ut
1123 2949 1284 3032 seqnitur

329 3037 620 3131 ⁵[statiminfra].

364 3297 373 3330 ¹
390 3300 452 3349 This
467 3300 553 3351 clause
568 3301 591 3348 is
607 3300 669 3349 from
683 3301 746 3362 Reg.
758 3301 791 3350 A.
817 3304 843 3350 iu
861 3303 935 3364 chap.
955 3303 1008 3365 lvi,
1025 3319 1051 3365 p.
1064 3307 1120 3367 421,
1137 3308 1163 3352 at
1179 3318 1242 3354 once
1257 3309 1284 3354 to

331 3383 405 3420 xvru.
441 3369 515 3418 Alter
525 3385 542 3418 a
553 3369 630 3431 slight
638 3372 793 3420 variationin
817 3372 859 3421 the
870 3387 931 3433 year
944 3376 1016 3422 135³.

330 3440 372 3488 the
384 3440 530 3489 conclusion
541 3440 570 3487 of
578 3439 629 3489 this
641 3442 793 3504 paragraph,
853 3438 864 3472 ⁹
880 3439 1028 3504 ‘morabut'
1039 3444 1103 3506 Rag.
1116 3444 1149 3494 Δ.
1162 3457 1242 3494 xvnr.

330 3510 373 3558 the
385 3523 539 3569 anonymous
550 3509 670 3558 historian
680 3512 794 3560 annexed
854 3510 865 3542 ³
883 3514 1056 3572 ‘moreretur,'
1067 3514 1149 3564 MSS.

330 3581 364 3640 by
376 3579 479 3627 Hearne
490 3584 516 3627 to
527 3579 567 3627 his
575 3579 669 3628 edition
679 3581 707 3628 of
715 3581 795 3630 Hem·
856 3581 865 3612 ⁴
881 3581 1093 3646 ‘consenserant’
1108 3585 1173 3634 nott.
1187 3585 1228 3634 Cl.
1241 3586 1286 3647 E.;

330 3648 438 3711 inglord,
448 3649 497 3697 aud
509 3649 568 3698 thus
579 3649 618 3698 fer
628 3650 715 3712 nearly
723 3653 795 3700 word
820 3652 1031 3715 ‘concesserant'
1042 3655 1106 3716 Reg.
1119 3655 1151 3705 Α.
1163 3667 1240 3704 svm.

331 3720 369 3768 sor
389 3719 460 3766 word
485 3719 548 3768 with
576 3719 618 3768 the
647 3725 708 3783 text,
736 3721 795 3770 here
857 3720 984 3774 ⁵‘statim
1002 3724 1157 3787 inira,'l‘rom
1173 3725 1286 3787 Reg.A.

330 3789 422 3838 breaks
430 3789 468 3838 off
475 3789 604 3852 abruptiy,
613 3791 663 3839 and
674 3792 795 3852 proceeds
821 3805 894 3842 xvru.
