2902 4884
324 379 389 444 114
655 396 690 443 Α.
716 393 928 443 uuaruurrr.

323 553 444 637 cipalis
461 551 677 638 justiciarius
701 558 736 616 et
761 548 979 627 consiliarius
1006 550 1098 635 regis
1120 549 1274 633 Augllae.

324 653 427 719 Circa
447 653 538 718 idem
554 660 691 736 tempus
711 652 798 718 obiit
822 652 947 716 ibidem
964 652 1123 717 dominus
1143 650 1277 716 Henri-

226 762 234 776 “
323 774 385 820 eus
406 754 588 838 episcopus
610 753 873 831 Lincolnieusis,
891 752 1089 836 principalis
1109 752 1275 818 consilia-

323 857 395 920 rius
421 856 513 938 regis
538 855 691 940 ejusdem
716 855 753 917 iu
777 855 933 936 partibus
954 852 1217 933 transmarinis;
1240 859 1278 917 et

323 956 542 1041 postmodum
552 955 619 1020 fuit
633 955 762 1020 electus
777 955 990 1021 concorditer
1004 955 1174 1037 magister
1181 952 1280 1018 Tho*

323 1076 399 1123 mas
421 1056 463 1121 de
482 1055 569 1134 Bel,
595 1055 655 1140 qui
675 1062 816 1140 propter
836 1072 1007 1120 rumorem
1032 1053 1279 1120 reservationis

325 1174 438 1241 papae,
453 1156 555 1221 factae
572 1157 615 1221 de
631 1156 777 1221 ecclesia
791 1156 1036 1237 lincolniensi,
1046 1154 1277 1239 apostolicam

325 1258 441 1323 sedem
459 1257 568 1322 adivit
580 1262 603 1337 ;¹
626 1253 702 1341 [ubi
718 1256 785 1322 fuit
801 1257 860 1322 diu
878 1257 953 1321 sine
975 1255 1198 1341 expeditione
1214 1255 1277 1321 de·

326 1365 454 1437 tentus,
469 1359 559 1423 sicut
573 1356 715 1422 inferius
732 1358 925 1442 apparebit.

165 1467 305 1509 cremar.
377 1460 475 1541 [Hoc
498 1477 588 1523 anno
609 1459 702 1523 circa
728 1457 854 1522 festum
889 1452 1139 1523 Decollationis
1160 1457 1276 1522 sancti

163 1520 285 1571 p¹⁰¹⁰⁰⁸⁹d’
325 1560 349 1625 J
352 1560 498 1626 ohannis
532 1559 702 1642 Baptistae
730 1558 796 1623 fuit
820 1566 1009 1641 prorogata
1029 1557 1170 1640 treuga
1186 1558 1279 1622 inter

325 1662 437 1727 dictos
467 1678 567 1743 reges
598 1676 707 1742 usquc
739 1659 783 1723 ad
823 1658 949 1723 festum
990 1658 1130 1724 Natalis
1162 1658 1277 1724 sancti

325 1762 348 1827 J
352 1762 496 1826 ohannis
520 1761 690 1842 Baptistae
707 1758 864 1842 proxime
890 1766 971 1824 tunc
986 1759 1184 1843 sequentis;
1206 1776 1277 1824 uon

326 1864 487 1927 obstante
504 1860 596 1944 quod
618 1878 680 1924 rex
698 1858 837 1942 Angline
854 1866 890 1925 et
908 1860 1045 1943 quidam
1062 1859 1117 1924 sui
1132 1860 1277 1924 comites

327 1962 488 2027 iecissent
516 1979 660 2042 magnas
684 1960 899 2042 provisiones
925 1960 1064 2025 navium
1090 1967 1126 2025 et
1143 1953 1279 2025 victua·

327 2062 411 2128 lium
429 2077 548 2128 versus
564 2068 680 2144 partes
696 2063 960 2141 transmarinas;
983 2068 1017 2126 et
1034 2062 1152 2125 statim
1170 2061 1277 2125 licen-

328 2165 424 2228 tiatee
449 2162 589 2226 suerunt
614 2176 721 2228 naves
749 2162 792 2226 ad
818 2161 1011 2227 faciendum
1034 2163 1277 2237 mercationes,

329 2272 363 2330 et
389 2264 458 2328 alia
483 2282 561 2347 quac
587 2262 734 2328 viderint
759 2260 933 2345 expedire.
992 2261 1039 2326 Et
1054 2262 1194 2327 vacavit
1214 2274 1276 2325 rex

328 2365 569 2430 venationibus
606 2370 641 2428 et
673 2361 889 2437 hastiludiis3
927 2363 1000 2440 sed,
1033 2360 1155 2426 audito
1183 2361 1277 2446 quod

329 2465 446 2529 David
463 2464 496 2529 le
514 2464 628 2547 Bruys
645 2463 688 2527 de
706 2463 855 2527 Francia
872 2463 967 2528 venit
981 2463 1018 2526 iu
1032 2461 1198 2541 Scotiam,
1214 2462 1281 2528 col-

329 2566 414 2646 legit
441 2564 696 2629 multitudinem
712 2570 924 2628 armatorum
951 2570 1078 2646 praeter
1103 2580 1164 2628 eos
1190 2580 1278 2648 quos

216 2658 221 2665 ’
329 2684 446 2729 secum
476 2664 632 2729 adduxit.
698 2664 801 2728 Circa
828 2663 955 2728 festum
983 2664 1093 2728 sancti
1119 2663 1281 2729 Matthaei

330 2764 450 2830 habuit
472 2784 534 2830 rex
557 2765 739 2830 concilium
762 2763 949 2829 multorum
968 2764 1156 2828 Londouiis
1171 2784 1280 2848 usque
1336 2780 1341 2793 ·

331 2866 375 2930 ad
389 2865 514 2930 festum
525 2866 638 2930 sancti
649 2865 844 2941 Michaelis,
855 2872 891 2929 et
907 2880 1028 2947 parum
1041 2865 1156 2939 ultra;
1181 2866 1278 2948 quio·

331 2966 413 3050 quid
430 2967 466 3030 iu
482 2985 524 3030 ea
539 2972 638 3050 parte
650 2965 739 3030 foret
758 2965 949 3030 consultius
965 2964 1172 3044 iaciendum,
1188 2965 1283 3049 quod

331 3067 461 3131 sactum
476 3067 554 3144 fuit,
572 3085 661 3131 anuo
679 3066 838 3149 proximo
857 3066 1046 3149 apparebit.

383 3167 481 3248 [Hoc
496 3184 587 3231 anuo
601 3167 768 3231 miserunt
783 3166 943 3231 Britones
954 3165 997 3230 ad
1015 3183 1131 3248 regem
1145 3164 1285 3248 Angliae

332 3287 397 3349 pro
414 3267 545 3332 auxilio
572 3267 758 3332 obtinendo
783 3274 905 3331 contra
930 3266 1129 3351 Philippum
1152 3266 1195 3331 de
1210 3260 1284 3333 Va-

333 3366 422 3450 loys,
441 3367 502 3450 qui
527 3374 608 3450 post
640 3374 783 3432 mortem
819 3366 917 3430 ducis
948 3362 1138 3431 Britanniae
1164 3374 1200 3432 et
1226 3388 1284 3433 oo·

333 3466 426 3530 mitis
467 3467 706 3532 Richmundiae
743 3466 854 3532 noluit
892 3467 1074 3532 admittere
1111 3464 1284 3550 ⁹[verum]

335 3566 517 3645 haeredem,
547 3568 608 3632 sed
639 3567 745 3631 alium
777 3568 989 3650 subrogare;
1031 3566 1215 3632 offerentes
1249 3588 1286 3633 se

335 3667 424 3731 velle
440 3686 462 3731 a
481 3688 562 3750 rege
583 3667 722 3748 Augilas
746 3673 863 3732 tenere
882 3668 1068 3732 ducatum:
1091 3686 1284 3752 superque

335 3768 401 3832 suit
427 3769 486 3832 diu
502 3766 740 3845 deliberatum,
756 3768 816 3832 sed
834 3768 919 3832 nihil
935 3768 1064 3833 factum
1080 3764 1147 3832 hoc
1162 3784 1267 3835 anno.

372 3986 382 4018 ¹
399 3989 469 4037 Here
482 3990 548 4037 Cott.
563 3988 601 4037 Cl.
619 3989 651 4039 E.
663 4002 718 4038 vm.
735 3989 797 4038 ends
821 3988 902 4048 ward,
910 3988 993 4039 which
1002 3989 1056 4036 will
1067 3989 1099 4038 he
1110 3991 1185 4051 giren
1193 3992 1284 4042 below.

337 4059 380 4108 the
407 4062 532 4120 sentence,
553 4058 603 4106 and
627 4058 798 4120 immediately
822 4058 899 4106 What
909 4058 1008 4108 follows
1019 4060 1042 4108 is
1052 4057 1116 4108 from
1128 4061 1235 4124 Reguli.
1243 4066 1283 4114 le.

338 4144 398 4191 goes
409 4144 442 4178 on
449 4128 512 4176 with
523 4144 539 4177 a
550 4128 650 4190 preiace
662 4134 687 4177 to
699 4144 715 4177 a
725 4130 798 4178 letter
823 4130 856 4180 A.
867 4142 939 4179 xvur.
950 4133 974 4180 4.

338 4201 401 4249 hom
411 4201 454 4250 the
464 4199 528 4262 king
541 4199 570 4248 oi
584 4194 694 4251 Bouaria
711 4205 736 4249 to
747 4200 797 4248 Ed·
858 4195 868 4226 ²
883 4199 1035 4264 ‘videlicet'
1045 4200 1106 4251 MS.
