2902 4884
323 369 367 433 62
670 386 703 432 n.
720 382 935 432 uumuurn.

164 565 270 604 rvunoe
325 554 401 611 taut
423 567 498 611 com
522 547 547 610 il
572 547 666 629 pocit
683 566 704 610 a
722 554 813 612 ceste
829 546 932 610 chose
950 545 1046 611 faire.
1100 547 1148 610 Et
1166 546 1217 611 dit
1235 568 1281 630 qe

163 615 311 705 ἶὲῗῖἶῗιῖῗῗιι
325 667 453 712 mesme
483 648 559 733 cely
586 647 621 712 Sr
639 647 735 712 Will.
759 648 835 713 vint
863 667 883 710 a
910 647 947 729 ly
968 646 1011 710 de
1031 665 1096 729 par
1119 646 1220 730 Ηιιςο
1245 648 1279 712 le

326 749 533 830 Despeuser,
550 767 593 830 qe
609 749 645 831 ly
660 748 711 811 dit
723 746 782 831 q'il
795 747 919 812 serroit
938 747 1118 811 bienseaut
1140 748 1201 830 q'il
1224 747 1278 813 fut

327 868 454 931 ovesqe
476 849 534 934 ly;
559 847 623 912 kar
644 848 669 911 il
695 848 758 924 dit,
775 868 818 930 qe
833 847 858 910 il
872 848 979 912 seroit
994 867 1077 912 sour
1091 847 1134 911 de
1157 847 1194 912 la
1215 847 1276 912 de·

326 949 499 1013 liverance
513 969 555 1012 en
578 947 656 1012 bref
673 956 796 1029 temps.
849 947 895 1011 Et
910 947 972 1026 dit,
990 967 1033 1032 qe
1048 946 1104 1010 Sir
1119 946 1218 1011 Will.
1233 948 1277 1012 de

328 1049 491 1126 Derham,
509 1048 604 1112 clerk
619 1048 661 1111 de
678 1067 733 1111 ses
760 1047 878 1111 lettres
902 1055 936 1111 et
954 1047 1042 1111 frere
1060 1047 1215 1112 Thomas
1233 1047 1276 1113 de

328 1148 516 1212 Brounfeld
543 1147 658 1212 furen‘t
681 1168 770 1213 ceux
798 1167 841 1229 qe
868 1147 946 1228 plus
970 1148 1006 1231 ly
1021 1149 1217 1213 abetterent
1240 1156 1275 1213 et

327 1248 515 1312 enticerent
535 1268 556 1312 a
577 1256 670 1313 ceste
690 1248 812 1311 choses
834 1246 982 1310 susditcs
1006 1246 1101 1312 faire.
1152 1248 1201 1312 Et
1225 1249 1276 1314 dit

327 1369 370 1431 qe
394 1349 449 1412 Sir
469 1349 602 1413 Robert
628 1349 670 1412 de
690 1349 853 1412 Taunton
876 1347 918 1410 de
939 1354 1019 1429 part
1039 1347 1071 1411 le
1093 1367 1275 1431 ercevesqe

327 1449 369 1512 de
399 1448 554 1513 Evirwik
584 1470 627 1514 eu
658 1467 814 1530 message
839 1447 881 1510 de
912 1467 968 1510 ces
996 1447 1117 1512 choses
1151 1456 1275 1513 avant·

327 1549 409 1627 dite,
432 1556 468 1614 et
488 1550 513 1612 li
535 1549 587 1613 dit
613 1545 671 1632 q'il
697 1549 793 1613 avoit
817 1555 912 1630 prest
929 1565 962 1611 v.
979 1548 1091 1612 milles
1111 1548 1148 1612 li.
1167 1550 1276 1614 acels

328 1651 489 1731 besoigne
523 1649 653 1714 susdite
678 1668 766 1731 pour
794 1647 890 1724 saite,
916 1655 951 1711 et
977 1666 1038 1712 ceo
1066 1647 1108 1712 de
1130 1646 1276 1730 l'argent

327 1749 383 1814 Sir
399 1750 487 1832 Hug
503 1750 545 1812 de
561 1751 708 1826 D--,
724 1755 760 1812 et
778 1747 829 1811 dit
847 1768 890 1830 qe
910 1767 1019 1812 meme
1036 1749 1111 1831 cely
1130 1748 1186 1812 Sir
1201 1749 1274 1814 Ro·

326 1852 413 1926 bert,
430 1859 465 1913 et
479 1850 563 1913 deus
579 1848 685 1912 freres
700 1848 886 1931 prochours
896 1867 939 1929 qe
953 1855 1034 1913 sunt
1049 1847 1130 1913 hors
1142 1848 1184 1912 de
1197 1849 1275 1914 lour

327 1950 438 2026 ordre,
455 1949 497 2012 de
513 1968 604 2032 quex
626 1946 697 2013 l'un
720 1968 757 2011 se
778 1948 842 2012 seit
865 1947 995 2030 apeller
1010 1948 1192 2012 Edmunde
1211 1949 1275 2014 Sa·

327 2068 426 2130 vage,
457 2058 492 2113 et
521 2048 643 2113 l‘autre
669 2048 797 2124 sonan,
823 2047 936 2113 forent
963 2049 996 2112 le
1029 2047 1199 2113 brokours
1231 2050 1274 2114 de

326 2156 419 2213 ceste
447 2150 623 2230 bosoigne.
680 2149 728 2212 Et
755 2148 818 2221 dit,
840 2168 884 2232 qe
907 2148 963 2213 Sir
987 2147 1108 2214 Fouke
1136 2149 1168 2212 le
1196 2150 1275 2214 Fitz

326 2248 461 2334 Waryn
476 2252 550 2315 vint
566 2269 588 2313 a
605 2249 640 2332 ly
656 2268 677 2312 a
692 2248 959 2326 Westmonstre,
977 2257 1012 2312 et
1034 2248 1071 2332 ly
1084 2250 1171 2332 pria,
1187 2260 1223 2315 et
1239 2251 1275 2334 ty

326 2351 439 2416 entica
455 2351 497 2414 de
519 2357 612 2414 ceste
629 2350 733 2413 chose
755 2368 945 2426 comencer,
963 2356 997 2412 et
1019 2349 1056 2431 ly
1072 2348 1238 2414 ¹enhaudi
1254 2370 1276 2414 a

327 2460 419 2514 ceste
447 2452 566 2515 choses
596 2449 691 2515 saire.
744 2450 790 2513 Et
811 2450 848 2532 ly
870 2449 922 2512 dit
942 2469 984 2532 qe
1008 2468 1068 2513 seo
1096 2452 1220 2515 serroit
1242 2451 1275 2515 le

326 2549 404 2630 plus
434 2560 537 2631 grant
568 2550 704 2613 honour
735 2570 777 2632 qe
816 2569 924 2633 unqes
954 2549 990 2632 ly
1018 2558 1137 2633 avynt,
1169 2559 1205 2615 et
1239 2552 1274 2636 ly

326 2649 385 2723 dit,
421 2649 480 2731 q'il
507 2649 651 2713 aideroit
677 2670 723 2713 ou
748 2669 860 2732 corps,
893 2669 979 2732 quer
1011 2658 1045 2715 et
1078 2658 1187 2732 quant
1215 2652 1274 2734 q'il

327 2748 431 2814 auoit.
494 2749 540 2813 Et
575 2749 637 2825 dit,
670 2769 712 2831 qe
748 2749 861 2815 Mons.
898 2750 1058 2830 Ingeram
1099 2750 1276 2834 Berenger

327 2856 412 2931 vynt
441 2868 463 2912 a
490 2849 527 2933 ly
549 2849 591 2913 de
619 2857 698 2932 part
727 2849 762 2913 S.
792 2849 908 2913 Johan
936 2849 1061 2927 Peche‚
1090 2870 1132 2932 qe
1152 2850 1205 2915 fut
1232 2853 1275 2917 de

326 2949 396 3011 cele
422 2951 578 3027 convine,
604 2959 638 3013 et
662 2969 683 3013 a
703 2969 763 3013 ceo
787 2950 942 3014 mettroit
968 2969 1057 3027 cors,
1080 2958 1115 3014 et
1137 2970 1212 3034 qor,
1240 2962 1276 3019 et
1331 3023 1335 3031 ,

326 3058 434 3131 quant
447 3046 506 3132 q'il
520 3051 626 3114 avoit.
680 3051 726 3114 Et
740 3050 803 3127 dit,
820 3070 862 3132 qe
873 3050 929 3113 Sir
945 3049 1067 3134 Henry
1081 3052 1276 3118 Bemounte

326 3158 360 3213 et
379 3150 434 3213 Sir
448 3150 601 3215 Thomas
620 3150 794 3233 Roscelyn
813 3152 988 3232 parleront
1009 3171 1031 3214 a
1046 3151 1083 3234 ly
1099 3170 1141 3215 eu
1161 3151 1274 3232 Paris,

326 3270 368 3312 en
384 3251 419 3313 la
441 3250 624 3315 ohaumbre
641 3252 673 3313 le
689 3249 772 3314 Duk
790 3252 940 3328 Braban,
958 3249 1017 3333 q'il
1044 3250 1158 3316 fusent
1180 3263 1276 3335 prest

326 3350 369 3412 de
388 3351 483 3412 venir
503 3370 546 3413 en
563 3349 763 3430 Engleterre
784 3371 826 3413 en
842 3351 938 3414 aeide
954 3351 996 3414 de
1019 3361 1129 3416 cestes
1154 3363 1275 3420 avant·

327 3449 428 3523 dites,
446 3457 481 3512 et
498 3446 574 3531 q’ils
599 3450 635 3531 ly
649 3450 834 3515 enticerent
852 3451 895 3515 de
911 3459 1021 3515 cestes
1036 3451 1157 3516 choses
1174 3453 1272 3520 faire.

329 3548 375 3611 Et
398 3545 457 3631 q’il
482 3549 690 3613 ariveroient
714 3551 835 3615 devers
860 3551 910 3615 les
935 3551 1064 3634 parties
1086 3553 1128 3616 de
1150 3553 1275 3634 Ecoce,

328 3667 391 3730 par
405 3649 485 3712 abet
499 3648 541 3738 de
559 3649 697 3714 Donald
720 3650 752 3715 le
771 3652 883 3728 Mear,
899 3652 958 3734 q'il
976 3652 1098 3716 serroit
1113 3672 1155 3716 eu
1176 3656 1276 3719 aeide

327 3747 369 3813 de
395 3768 476 3825 eux,
506 3751 640 3813 aceles
662 3751 783 3815 choses
807 3753 1002 3830 maintenir‚
1026 3759 1061 3816 et
1085 3763 1195 3836 quant
1216 3751 1275 3838 q'il

326 3849 430 3930 poeit.
476 3848 554 3912 Mes
573 3850 623 3914 les
647 3858 757 3934 temps
782 3851 824 3914 de
849 3852 926 3916 tour
944 3872 1054 3916 venue
1080 3839 1143 3917 est'
1161 3873 1274 3936 passe.

328 3950 372 4013 Et
387 3949 449 4027 dit,
466 3969 509 4032 qe
527 3950 582 4014 Sir
600 3950 753 4014 Richard
770 3952 812 4015 de
829 3951 1055 4029 Pount-frett,
1071 3953 1275 4021 coufessour

360 4120 541 4174 ¹‘Baudir'is
553 4141 585 4173 an
594 4127 635 4174 old
647 4131 709 4175 term
721 4126 784 4175 used
808 4128 846 4175 les
864 4128 995 4190 oiseau15'
1019 4125 1162 4190 ‘enbaudiJ
1184 4131 1210 4179 in
1230 4133 1274 4183 the

323 4196 348 4242 in
360 4195 402 4243 the
415 4195 500 4257 chase,
514 4196 563 4243 aud
576 4211 663 4246 means
673 4198 785 4245 ‘exciter
809 4202 871 4260 text,
879 4213 937 4260 may
949 4199 1042 4261 signify
1054 4197 1188 4250 ‘excitem'
