2902 4884
535 398 756 448 cunouroou.
1076 383 1120 448 89

170 560 348 640 aquosam,
367 557 453 620 adeo
476 557 685 639 congelavit,
702 559 794 640 quod
819 564 893 621 tota
915 565 1008 621 terra
1025 560 1123 641 quasi

170 657 299 739 glacies
324 657 525 730 videbatur3
555 657 646 740 quod
673 659 754 739 gelu
778 658 916 721 duravit
943 658 1122 723 duodecim

171 757 395 838 septimanas,
425 757 511 821 adeo
541 757 632 840 quod
660 758 774 822 omnia
797 758 929 821 semina
951 758 1124 842 hyemalia

172 856 273 940 quasi
302 858 508 921 mortificata
532 856 692 922 fuerunt:
719 859 771 922 ita
796 858 888 940 quod
916 858 951 920 in
978 858 1122 936 Martio,

171 954 297 1039 Aprili,
325 965 359 1022 et
389 958 497 1040 Mayo
536 959 637 1041 quasi
667 959 762 1021 nulla
802 966 1049 1041 apparuerunt,
1088 966 1123 1023 et

173 1058 323 1121 maxime
354 1056 389 1120 in
424 1058 573 1122 vallibus
606 1058 791 1140 pinguibus
834 1066 869 1123 et
909 1059 986 1122 aliis
1023 1060 1122 1122 bonis

174 1158 284 1220 terris'.
318 1157 364 1222 Et
378 1165 494 1221 tamen
512 1158 625 1221 omnia
637 1178 764 1239 genera
780 1158 959 1222 bladorum
974 1157 1122 1242 1procul,

172 1257 209 1320 in
235 1257 370 1321 modico
407 1257 519 1340 pretio
547 1257 774 1335 habebantur,
804 1277 872 1321 non
900 1265 1040 1341 propter
1065 1278 1123 1323 co-

173 1357 266 1438 piam
293 1357 484 1434 bladorum,
502 1357 561 1420 sed
591 1366 733 1441 propter
752 1364 910 1421 monetae
939 1357 1122 1436 defectum,

173 1454 230 1520 ²et
259 1457 457 1540 hocusque
488 1457 529 1519 ad
563 1464 785 1531 autumnum3
825 1457 885 1521 sed
918 1457 1122 1522 adveniente

174 1563 351 1633 autumno,
374 1556 559 1632 frumenta,
588 1576 667 1639 quae
698 1558 915 1621 metebantur
942 1557 978 1620 in
1006 1557 1123 1621 multis

174 1657 342 1737 partibuS,
376 1677 445 1720 non
484 1654 698 1721 sufficiebant
733 1658 777 1720 ad
814 1675 941 1733 semen,
973 1664 1008 1720 et
1045 1657 1122 1721 ideo
1170 1731 1176 1743 ‚

174 1756 277 1819 blada
299 1757 497 1839 inceperant
522 1776 596 1821 esse
613 1761 705 1822 cara.

225 1857 327 1934 Item,
358 1856 424 1920 hoc
463 1876 551 1920 anno
578 1865 658 1922 ante
693 1858 922 1922 Pentecosten
954 1865 1123 1922 venerunt
1135 1875 1181 1915 me
1190 1875 1273 1916 nean

174 1956 297 2036 piratae
337 1957 429 2038 regis
465 1956 621 2020 Franciae
664 1957 699 2019 in
740 1957 848 2038 galeis
888 1964 924 2020 et
959 1958 1123 2039 spinaciis
1134 1926 1285 2016 middin

173 2075 280 2139 prope
309 2057 559 2139 Hamptonam,
589 2064 624 2119 et
656 2057 738 2139 quia
776 2057 924 2139 patriam
953 2055 1001 2120 ibi
1038 2058 1124 2121 bene
1136 2029 1207 2116 idid?
1212 2036 1240 2067 ⁰¹¹
1249 2027 1286 2066 ‘¹¹⁰

175 2163 332 2237 paratam
358 2156 402 2219 ad
418 2155 647 2219 resistendum
662 2156 788 2219 eisdem
804 2156 977 2233 viderunt,
992 2176 1030 2220 se
1043 2177 1123 2239 pro-

176 2255 268 2318 tinus
298 2261 538 2330 retraxerunt;
570 2263 607 2320 et
647 2256 730 2338 quia
761 2256 809 2319 ibi
847 2276 916 2320 non
951 2256 1125 2320 audebant

175 2355 360 2437 applicare,
387 2375 450 2419 nec
479 2356 515 2417 in
547 2354 669 2418 Insula
686 2355 811 2431 Vecta,
841 2375 919 2437 quae
952 2355 1017 2418 mit
1038 2356 1123 2420 bene

176 2456 319 2532 munita,
336 2475 373 2519 se
392 2456 642 2520 transtulerunt
659 2455 702 2518 ad
729 2455 798 2518 aha
813 2455 901 2532 loca,
917 2455 1016 2538 quasi
1030 2475 1122 2518 cam·

175 2556 316 2636 pestria,
342 2563 378 2620 et
400 2557 510 2620 multa
527 2556 619 2620 mala
642 2556 741 2638 quasi
772 2554 957 2620 latrunculi
984 2556 1124 2619 commi-

175 2661 312 2734 serunt;
336 2663 371 2720 et
386 2663 508 2738 postca
525 2655 561 2718 in
580 2656 669 2720 sesto
688 2655 852 2737 Corporis
872 2654 1013 2731 Christi,
1032 2656 1124 2738 apud

176 2756 374 2838 Hastynge,
405 2755 564 2839 quaedam
580 2756 722 2838 tuguria
742 2757 952 2838 piscatorum
969 2757 1124 2819 combus-

176 2861 308 2933 serunt,
331 2863 367 2919 et
396 2855 531 2939 aliquos
558 2855 713 2920 homines
744 2856 955 2919 occiderunt.
1022 2855 1125 2932 Item,

177 2963 297 3019 contra
337 2955 484 3019 insulam
510 2955 637 3020 Taneti
664 2975 702 3020 se
732 2956 932 3020 multotiens
965 2955 1124 3025 ostende·

176 3062 267 3133 runt,
284 3063 319 3120 et
337 3063 457 3119 contra
474 3056 677 3133 Dovoriam,
695 3062 730 3119 et
754 3053 857 3119 etiam
880 3061 1001 3118 contra
1020 3053 1125 3118 Folk-

176 3162 331 3230 stonam;
364 3154 424 3218 sed
455 3155 580 3219 ibidem
609 3154 719 3218 multa
750 3156 842 3219 mala
871 3174 940 3218 non
961 3154 1126 3231 fecerunt,

176 3256 243 3319 nisi
258 3250 379 3319 contra
401 3274 569 3338 pauperes
586 3256 788 3337 piscatores,
805 3255 887 3338 quia
908 3255 1022 3337 patria
1039 3273 1127 3317 sem-

176 3376 238 3439 per
253 3365 377 3439 parata
398 3355 464 3420 suit
488 3362 610 3420 contra
625 3375 694 3419 eos.
747 3354 815 3418 Sed
832 3355 867 3418 in
883 3355 1040 3437 partibus
1055 3354 1125 3417 De·

177 3457 290 3521 voniae
308 3464 343 3520 et
369 3455 564 3533 cornubiae,
583 3462 617 3519 et
634 3474 754 3520 versus
783 3462 900 3538 partes
926 3454 1126 3532 Bristolliae,

176 3557 359 3619 nonnullas
380 3575 487 3620 naves
511 3562 676 3638 ceperunt
691 3561 726 3619 et
742 3557 1012 3634 combusserunt,
1040 3574 1127 3637 quas

178 3656 349 3720 solitarias
375 3657 592 3732 invenerunt,
619 3661 655 3718 et
680 3665 902 3737 quoscunque
940 3661 1064 3718 nautas
1093 3662 1128 3717 et

176 3757 276 3833 alioS,
300 3776 387 3839 quos
413 3757 448 3818 in
479 3754 564 3837 ipsis
593 3755 810 3831 invenerunt,
828 3753 1036 3818 occiderunt.
1081 3753 1128 3816 Et

177 3855 272 3919 seriis
291 3856 405 3931 tertia,
420 3863 557 3937 quarta,
574 3861 609 3918 et
624 3855 745 3942 quinta
763 3853 984 3917 hebdomadis
998 3852 1125 3915 Pente-

178 3962 304 4032 costes,
338 3954 430 4037 apud
464 3954 653 4038 Plymouth
684 3955 719 4017 in
747 3952 917 4029 Devonia,
942 3953 1042 4015 iidem
1075 3953 1127 4033 pi-

214 4131 222 4161 ¹
240 4130 356 4196 ‘procul’
373 4137 396 4184 is
406 4136 519 4197 wanting
535 4136 561 4184 in
574 4136 638 4195 Reg.
701 4129 711 4157 ²
726 4130 780 4178 The
792 4134 844 4178 rest
854 4130 882 4178 of
895 4130 936 4178 the
950 4129 1094 4191 paragraph
1105 4131 1128 4178 is

176 4208 295 4256 A.xv111.
667 4201 779 4262 wanting
792 4201 818 4248 in
832 4201 894 4261 Reg.
906 4199 938 4248 A.
951 4211 1027 4247 xv111.
