2902 4884
549 415 770 464 cunomcnn.
1081 401 1122 465 87

172 574 349 638 solverunt
381 574 424 637 ad
453 574 696 656 gravissimum
726 594 813 638 onus
844 575 1009 657 ipsorum,
1040 577 1122 659 quia

171 675 214 737 ad
230 674 372 756 duplum
388 674 676 758 quintae-decimae
692 675 787 757 prius
810 674 933 738 solutae
951 695 1013 758 per
1028 696 1099 740 eos

223 774 325 851 Item,
349 775 414 837 hoc
454 794 544 838 anno
586 794 709 856 parum
741 780 822 838 ante
856 774 1005 852 Pascha,
1044 775 1120 840 Ste-

171 874 318 957 phanus,
356 875 538 957 episcopus
571 874 832 951 Londoniensis,
856 875 900 937 ab
941 875 1006 938 hac
1044 875 1121 940 luce

172 975 354 1056 migravit;
392 982 428 1039 et
467 975 559 1038 circa
591 974 717 1038 festum
744 974 959 1039 Inventionis
991 982 1121 1039 sanctae

171 1073 292 1138 Crucis
337 1075 467 1138 electus
506 1074 572 1138 fuit
611 1075 826 1138 concorditer
863 1074 1035 1139 Ricardus
1078 1075 1120 1139 de

173 1174 390 1257 Byntworth,
418 1174 478 1257 qui
510 1175 601 1238 circa
634 1174 760 1238 festum
782 1173 1005 1238 Ascensionis
1028 1174 1120 1257 apud

173 1273 343 1338 Ottefford
387 1274 453 1337 suit
478 1294 539 1357 per
564 1274 858 1357 archiepiscopum
886 1274 1120 1351 confirmatus,

171 1381 206 1437 et
235 1375 327 1437 circa
352 1372 476 1437 festum
503 1375 616 1438 sancti
641 1373 664 1438 J
668 1373 812 1437 ohannis
843 1374 934 1456 apud
952 1374 1120 1439 Lambeth

170 1493 231 1555 per
248 1472 498 1538 cicestrensem
513 1473 710 1556 episcopum
729 1472 971 1538 consecratus.¹

171 1710 297 1757 GALEAE
337 1710 442 1757 REGIS
481 1710 649 1757 FRANOIAE
688 1711 1024 1759 SOUTHAMPTONIAM
1059 1712 1121 1758 DE·

223 1810 467 1858 PRAEDARUNT.
533 1811 624 1856 ΊΤΕΜ
648 1812 695 1857 ΒΕ
718 1812 889 1860 ADVEN'l'U
914 1814 1040 1860 EORUM
1065 1812 1121 1858 SE·

224 1910 357 1958 oUNDO.

224 2070 332 2132 Anno
356 2068 498 2131 Denuo
528 2084 825 2145 n.ooo.xxxv111.,
852 2068 1031 2133 Benedicti
1061 2089 1123 2152 pa-

173 2189 228 2252 pae
244 2168 437 2232 duodecimi
454 2176 592 2249 quarto,
608 2169 705 2250 regni
730 2169 822 2249 regis
841 2168 1003 2233 Edwardi
1032 2170 1124 2233 tertii

175 2290 197 2334 a
220 2275 408 2351 conquestu
433 2266 646 2344 duodecimo,
678 2268 792 2332 aetatis
816 2269 995 2332 scribentis
1025 2288 1123 2332 sexa-

176 2369 306 2451 gesimo
321 2365 471 2451 quarto,2
487 2367 680 2451 incipiendo
702 2387 723 2430 a
739 2367 828 2431 festo
845 2369 956 2431 sancti
972 2367 1125 2431 Michae-

176 2470 232 2546 lis,
261 2468 371 2550 galeae
399 2468 490 2549 regis
516 2468 671 2532 Franoiae
694 2475 859 2551 ceperunt
886 2469 1036 2551 quinque
1054 2487 1125 2531 ma-

172 2570 267 2654 jores
295 2586 403 2631 naves
433 2569 521 2650 regis
545 2566 695 2650 Angliae,
723 2574 855 2631 stantes
889 2569 925 2632 in
953 2577 1056 2651 portu
1083 2569 1125 2632 de

177 2669 309 2746 Scluse,
329 2668 400 2732 fere
427 2674 543 2732 tamen
568 2687 708 2744 vacuas,
735 2666 816 2730 dum
847 2677 964 2732 nautae
987 2668 1127 2732 suerunt

176 2771 212 2834 in
235 2770 332 2847 villa,
354 2775 390 2832 et
423 2786 482 2831 eas
508 2767 552 2831 ad
580 2776 696 2850 partes
722 2766 947 2832 Normanniae
974 2768 1126 2849 perdux·

176 2876 288 2934 erunt.
340 2869 387 2932 Et
408 2867 463 2931 die
480 2868 588 2931 Lunae
605 2875 684 2950 post
701 2866 826 2931 festum
844 2867 1220 2954 sanctiMichae·1r3enn

177 2971 220 3034 lis
246 2976 415 3035 venerunt
445 2969 561 3032 subito
588 2968 838 3051 quinquaginta
869 2969 990 3050 galeae,
1016 2941 1287 3050 plenaeltlltlllll'

179 3070 373 3134 hominibus
391 3068 545 3144 armatis
563 3069 664 3151 quasi
685 3067 771 3131 hora
788 3087 890 3144 nona,
912 3067 1005 3150 apud
1024 3066 1128 3131 Suth·
1139 3048 1232 3094 'mmm'

178 3178 331 3254 ampton,
361 3176 396 3233 et
426 3168 487 3232 illo
521 3169 576 3232 die
608 3168 727 3233 villam
760 3167 1056 3249 depraedaverunt,
1093 3175 1128 3232 et

178 3270 340 3354 quicquid
364 3275 524 3352 poterant
550 3269 594 3332 ad
611 3268 729 3350 galeas
747 3286 829 3330 suas
857 3274 893 3331 et
911 3287 1018 3333 naves
1046 3287 1127 3331 suas

179 3379 381 3454 portarunt3
400 3376 435 3433 et
458 3389 521 3451 per
537 3375 646 3432 totam
669 3369 764 3431 illam
790 3375 927 3432 noctem
945 3368 981 3432 in
1008 3368 1128 3432 eadem

180 3469 263 3535 villa
287 3476 500 3546 manserunt,
522 3469 652 3551 fugatis
687 3476 722 3533 et
749 3467 938 3533 interfectis
970 3470 1128 3532 omnibus

180 3570 240 3654 qui
264 3570 300 3634 in
319 3569 402 3637 villa
418 3569 578 3644 fuerunt;
604 3577 639 3633 et
660 3570 696 3632 in
720 3569 884 3646 crastino,
900 3569 1128 3651 percipientes

178 3670 270 3753 quod
294 3690 331 3734 se
355 3670 468 3752 patria
492 3670 730 3751 congregavit,
751 3675 941 3751 posuerunt
957 3669 1072 3751 ignem
1093 3669 1129 3732 in

219 3937 247 3968 Η
255 3941 289 3988 Et
304 3940 390 3988 statim
406 3937 495 3987 eodem
511 3937 553 3987 die
568 3939 646 3986 intro·
670 3937 712 3986 the
726 3939 824 3986 author.
862 3937 890 3984 11*
902 3938 921 3984 it
935 3952 1002 3986 were
1017 3943 1043 3986 to
1057 3952 1130 3986 mean

184 4013 284 4061 nizatus
296 4010 366 4072 apud
386 4012 499 4058 sanctum
517 4007 647 4058 Paulum!
671 4008 713 4056 the
736 4006 848 4057 author's
871 4021 931 4068 age,
949 4007 970 4055 it
991 4007 1077 4057 would
1099 4009 1130 4056 be

186 4082 269 4130 Anon.
281 4080 352 4129 Hist.
364 4079 414 4130 Ed.
427 4079 475 4141 11.‚
487 4094 512 4139 p.
524 4081 581 4127 418.
673 4079 747 4139 prool
763 4078 818 4126 that
836 4079 856 4126 it
874 4077 949 4125 could
968 4083 1012 4128 not
1030 4079 1061 4126 be
1079 4079 1133 4127 that

674 4149 757 4197 Adam
776 4148 804 4196 of
817 4147 967 4208 Murimuth‚
986 4163 1014 4197 as
1033 4164 1091 4211 may
1103 4150 1133 4197 be

220 4218 229 4246 ²
245 4221 311 4269 That
322 4221 354 4282 is,
365 4219 441 4268 nithe
453 4220 561 4282 copyist,
572 4225 614 4268 not
626 4218 654 4266 of
675 4217 795 4282 gethered
806 4219 869 4267 from
886 4216 926 4265 his
938 4219 1046 4280 preface.
