2902 4884
161 557 236 596 'l'ermr
244 556 269 595 ot

162 608 199 646 the
206 610 272 647 uuor.

323 363 388 428 142
664 380 700 426 n.
720 376 935 427 nunrnuru.

323 538 422 619 ginta
453 536 585 600 diebus.
660 534 760 610 Item,
795 534 888 617 quod
920 554 1040 598 omnes
1071 536 1281 601 incarcerati

323 645 358 701 et
375 637 468 720 capti
486 636 565 700 hine
589 643 624 700 et
647 635 736 711 inde,
754 642 789 699 et
814 635 932 699 omnia
955 636 1046 699 bona
1068 644 1188 719 capta,
1217 636 1281 701 du·

323 746 422 802 rante
445 736 643 801 sufferentia
669 756 731 819 per
758 735 869 800 dictos
899 735 1054 800 dominos
1084 737 1280 801 cardinales

323 859 432 922 nuper
452 838 555 917 facta,
583 836 755 913 videlicet,
781 855 803 899 a
823 835 878 899 die
894 836 1076 901 Dominioo
1093 844 1177 901 ante
1194 837 1279 903 sest·

324 958 380 1002 um
415 939 527 1003 saneti
551 937 725 1002 Vincentii
755 937 913 1019 proximo
942 936 1059 1001 futuro
1086 956 1200 1021 usque
1235 937 1279 1001 ad

324 1038 413 1103 diem
437 1045 654 1122 praesentem,
671 1036 899 1101 extrahantur
916 1055 938 1099 a
959 1056 1097 1102 carcere
1117 1046 1156 1102 et
1171 1038 1279 1103 libere

324 1138 552 1215 dimittantur,
569 1145 605 1201 et
625 1136 825 1215 reddantur,
844 1138 880 1201 in
899 1145 1066 1220 quantum
1088 1138 1194 1203 fuerit
1224 1158 1279 1203 ra·

325 1240 438 1304 tionis.
491 1238 593 1315 Item,
628 1237 732 1320 quod,
755 1237 958 1302 durantibus
997 1237 1098 1302 dictis
1134 1239 1279 1323 treugis,

324 1339 428 1403 nullae
461 1339 642 1413 novitates,
684 1358 746 1402 nec
776 1338 967 1421 misprisiae,
1002 1338 1087 1403 fiant
1124 1340 1171 1403 ab
1208 1358 1279 1404 una

324 1447 423 1522 parte
457 1447 576 1504 eontra
608 1438 723 1515 aliam,
752 1438 789 1501 in
830 1437 1066 1522 praejudicium
1105 1438 1278 1505 dictarum

326 1549 536 1623 treugarum,
562 1548 596 1604 et
620 1546 808 1622 respectus.
870 1538 972 1616 Item,
992 1539 1082 1622 quod
1111 1539 1198 1604 dieti
1219 1540 1280 1605 do·

326 1641 408 1704 mini
440 1640 671 1725 coadjutores,
703 1638 891 1723 adjutores
918 1647 953 1703 et
980 1639 1116 1721 alligati
1146 1659 1277 1718 eorum,

325 1743 520 1824 quicunque
547 1742 628 1816 sint,
647 1740 870 1803 remanebunt
896 1739 931 1803 in
957 1739 1018 1803 tali
1048 1740 1278 1823 possessione,

326 1850 360 1905 et
377 1843 412 1905 in
431 1841 494 1905 tali
516 1841 655 1916 seisina,
673 1840 794 1922 inqua
816 1847 896 1904 sunt
921 1838 1033 1916 hodie,
1054 1840 1097 1904 de
1118 1841 1279 1906 omnibus

326 1943 435 2017 bonis,
452 1940 564 2017 terris,
591 1948 625 2003 et
654 1940 939 2021 possessionibus,
972 1960 1050 2023 quae
1078 1948 1213 2019 tenent,
1244 1949 1278 2006 et

325 2041 582 2124 acquisiverunt
608 2059 747 2122 quoquo
770 2040 884 2117 modo,
906 2042 1037 2123 treugis
1061 2041 1278 2107 durantibus.

327 2141 429 2219 Item,
457 2141 548 2224 quod
581 2140 682 2204 dietis
714 2142 844 2222 treugis
878 2141 1081 2205 durantibus
1105 2140 1189 2205 dicti
1220 2143 1280 2208 do-

326 2242 409 2306 mini
437 2242 626 2326 adjutores,
652 2249 688 2305 et
711 2241 944 2325 coadjutores
968 2249 1003 2305 et
1029 2241 1163 2323 alligati
1190 2242 1279 2325 ipso-

328 2364 415 2421 rum,
433 2344 628 2426 quicunque
651 2343 733 2418 sint,
752 2341 901 2424 poterint
924 2342 974 2404 ire
998 2360 1116 2405 secure
1146 2342 1190 2405 de
1211 2362 1279 2406 rina

328 2446 442 2525 patria
473 2444 516 2507 ad
552 2443 665 2506 aliam.
729 2442 776 2505 Et
807 2461 925 2507 omnes
951 2449 1171 2520 mercatores,
1204 2462 1280 2507 cum

328 2545 484 2606 omnibus
509 2562 626 2606 eorum
659 2543 872 2619 mercaturis,
906 2550 941 2606 et
973 2543 1083 2605 omnis
1110 2544 1280 2607 maneries

328 2644 494 2724 gentium,
516 2642 694 2717 bonorum,
717 2649 752 2704 et
774 2642 1020 2724 provisionum,
1037 2649 1108 2706 tam
1131 2662 1195 2725 per
1211 2651 1279 2708 ter-

328 2762 414 2818 ram,
450 2760 553 2824 quam
580 2760 641 2823 per
664 2760 789 2822 aquam
818 2750 853 2806 et
878 2762 1067 2825 permane,
1091 2743 1142 2806 ita
1174 2743 1280 2808 libere

329 2844 420 2905 sicut
446 2841 603 2904 solebant
625 2842 741 2904 venire
765 2851 800 2905 et
831 2843 881 2905 ire
894 2850 1061 2925 ‚tempore
1088 2843 1280 2925 praedeces·

329 2961 444 3006 sorum
478 2941 647 3004 dictorum
690 2961 823 3024 regum,
861 2942 1026 3006 solvendo
1059 2943 1209 3025 pedagia
1246 2952 1280 3009 et

329 3043 480 3125 vynagia
513 3061 591 3123 quae
622 3049 788 3106 consueta
820 3050 901 3106 sunt
932 3044 1087 3126 integre;
1124 3046 1280 3128 exeeptis

330 3143 480 3207 bannitis
507 3142 550 3205 de
577 3143 678 3206 dietis
707 3143 834 3224 regnis
851 3153 912 3207 aut
940 3144 1057 3226 aliquo
1081 3145 1280 3223 eorundem,

330 3264 391 3327 pro
431 3244 508 3307 aliis
551 3244 665 3306 causis
704 3263 807 3325 quam
847 3263 909 3325 pro
947 3263 1073 3326 guerra
1110 3244 1279 3311 dictorum

329 3364 459 3427 regum.
511 3343 577 3407 Sed
605 3344 749 3407 barones
771 3344 813 3406 de
829 3344 1021 3420 Britannia,
1036 3352 1072 3408 et
1091 3343 1133 3407 de
1153 3346 1281 3411 ducatu

330 3444 540 3528 Aquitaniae,
564 3450 598 3506 et
622 3443 699 3506 aliae
723 3463 879 3524 personae
903 3444 945 3506 de
961 3444 1150 3520 Vasconis,
1178 3454 1214 3511 et
1239 3447 1282 3511 de

329 3550 422 3614 dicto
446 3544 586 3618 ducatu,
606 3542 770 3630 [banniti]
791 3544 844 3608 vel
863 3544 934 3621 alii,
950 3544 1284 3627 comprehendantur

330 3653 365 3716 in
383 3646 485 3711 dictis
501 3644 643 3724 treugis,
666 3652 699 3707 et
717 3652 880 3725 poterunt
897 3645 947 3706 ire
970 3653 1005 3709 et
1021 3647 1138 3709 venire
1154 3646 1197 3710 de
1214 3666 1283 3711 uua

331 3748 444 3838 patria
461 3745 504 3809 ad
522 3744 636 3820 aliam,
652 3744 852 3809 durantibus
870 3746 971 3809 dietis
988 3747 1130 3828 treugis.

382 3849 502 3920 ‘Item,
528 3845 618 3926 quod
651 3845 706 3908 die
734 3847 884 3909 crastina
910 3845 1012 3910 dictae
1046 3854 1179 3929 treugae
1210 3849 1281 3912 sint

333 3951 552 4043 proclamata
589 3945 624 4008 in
665 3945 767 4009 dictis
812 3946 945 4009 duobus
980 3947 1208 4026 exercitibus3
1249 3956 1283 4014 et

336 4056 515 4127 teneantur
539 4065 597 4109 eas
624 4053 740 4109 tenere
774 4055 808 4109 et
837 4048 1020 4110 observare
1050 4066 1169 4111 omnes
1195 4068 1285 4132 prae·

337 4166 461 4231 aetites,
486 4155 520 4212 et
546 4145 605 4209 alii
633 4145 693 4227 qui
724 4164 782 4208 eas
810 4147 898 4209 scire
929 4155 1092 4229 poterunt
1118 4156 1153 4212 et
1179 4148 1282 4214 debe-
