2902 4884
326 379 390 443 108
670 393 704 440 n.
722 390 937 440 nuarnurn.

327 548 476 614 Amandi
522 568 583 631 per
616 549 808 631 quindecim
846 549 1008 614 milliaria
1034 546 1190 627 1invasit,
1223 547 1283 612 ubi

326 650 580 733 quinquaginta
613 649 750 726 milites,
791 657 826 713 et
866 650 954 714 alios
996 650 1282 732 quamplurimo&

326 760 492 833 ceperunt
523 758 559 815 et
585 750 794 828 occiderunt,
813 758 848 814 et
877 751 975 832 quasi
1008 751 1161 814 infinitas
1190 750 1282 815 divi·

328 851 395 915 tias
419 853 636 928 invenerunt,
664 859 699 915 et
725 851 843 915 villam
875 851 1134 930 destruxerunt,
1163 859 1200 916 et
1222 851 1283 916 ita

328 951 484 1016 fecerunt
506 953 571 1016 toti
595 952 717 1034 patriae
745 952 1024 1035 circumquaque,
1051 961 1086 1019 et
1109 951 1281 1018 exercitui

163 1072 310 1122 uaesana
328 1053 371 1116 de
393 1053 602 1117 victualibus
627 1052 920 1117 abundantissime
947 1053 1180 1137 providerunt.
1236 1053 1282 1119 Et

164 1125 270 1174 mm
329 1152 467 1219 duravit
498 1154 632 1217 obsidio
667 1153 820 1217 civitatis
846 1153 1077 1218 Tornacensis
1101 1173 1214 1238 usque
1236 1153 1281 1218 ad

327 1252 453 1316 festum
479 1261 676 1317 sanctorum
692 1252 827 1317 Cosmae
850 1263 883 1319 et
906 1255 1109 1329 Damianae3
1129 1274 1200 1338 quo
1225 1254 1281 1319 die

328 1361 408 1435 post
442 1353 570 1417 multos
611 1361 781 1418 tractatus
826 1374 930 1437 snper
970 1363 1093 1437 treuga
1128 1355 1282 1420 ineunda

164 1474 284 1514 nemean
328 1474 389 1537 per
407 1452 562 1518 Gallicos
588 1462 785 1536 procurata,
808 1475 1011 1520 consensum
1040 1457 1106 1520 fuit
1126 1456 1161 1520 iu
1184 1464 1282 1521 treu-

165 1525 315 1625 {iissiiffismd
329 1575 422 1637 gam,
448 1574 527 1638 quae
553 1563 656 1638 capta
686 1554 752 1619 iuit
777 1555 821 1621 ad
847 1557 1048 1638 petitionem
1065 1556 1282 1622 Gallicorum

164 1626 272 1726 ζὲἷῖῗοῐ
328 1675 438 1738 usque
485 1655 529 1719 ad
580 1655 704 1719 festum
752 1657 864 1720 sancti
900 1656 1073 1722 Johannis
1106 1658 1280 1741 Baptistae

327 1757 487 1839 proximo
506 1764 588 1820 tunc
611 1756 776 1833 futurum,
791 1763 830 1820 ut
846 1758 957 1839 possit
976 1757 1112 1822 interim
1132 1759 1176 1824 de
1193 1778 1284 1843 pace

301 1849 480 1921 tractari.
551 1856 597 1920 Et
630 1855 754 1920 redditi
784 1857 925 1921 suerunt
958 1859 1087 1940 captivi
1125 1858 1206 1923 binc
1246 1867 1282 1925 et

326 1956 419 2030 inde,
449 1958 513 2020 sub
541 1957 769 2020 conventione
794 1954 807 1990 ²
813 1957 934 2040 jurata
953 1958 1117 2022 redeundi
1138 1960 1181 2024 ad
1206 1959 1281 2024 dic-

329 2064 401 2125 tum
442 2056 568 2120 festum
608 2057 720 2121 sancti
750 2056 933 2135 Jobaunis,
961 2059 996 2121 in
1027 2078 1111 2123 casu
1140 2060 1176 2123 iu
1208 2079 1280 2143 quo

328 2177 397 2221 non
421 2157 518 2222 fieret
541 2178 613 2241 pax
638 2158 761 2224 finalis.
813 2157 882 2221 Sed
905 2159 954 2222 sic
983 2159 1097 2224 soluta
1121 2159 1188 2226 fuit
1214 2162 1282 2226 ob·

328 2257 416 2326 sidio
457 2257 669 2342 supradicta,
698 2265 733 2322 et
763 2258 907 2343 nobiles,
925 2258 968 2322 de
997 2258 1138 2343 Anglia,
1171 2262 1282 2345 aliqui

328 2360 502 2423 redieruut
525 2357 745 2440 inAugliam.
777 2358 932 2424 Fuerunt
949 2361 1039 2423 enim
1063 2361 1164 2424 multi
1184 2369 1280 2427 trac-

329 2466 424 2524 tatus
452 2458 561 2523 habiti
590 2480 694 2542 super
721 2467 844 2541 treuga
875 2460 1052 2542 praedicta,
1086 2462 1169 2544 qnia
1201 2458 1307 2527 cum‘

329 2559 441 2623 dictus
458 2559 616 2624 dominus
633 2580 696 2623 rex
712 2558 850 2641 Angliae
873 2569 1064 2627 remaneret
1081 2561 1175 2645 apud
1191 2563 1281 2629 Tor-

330 2660 524 2723 niacensem
540 2660 576 2722 in
594 2660 772 2731 obsidione
795 2661 971 2743 praedicta,
992 2669 1028 2725 et
1041 2661 1223 2747 Philippus
1237 2665 1281 2729 de

329 2758 475 2842 Valoys,
508 2779 585 2825 cum
624 2767 698 2825 toto
736 2762 890 2826 exercitu
930 2781 1005 2839 suo,
1045 2763 1088 2827 ad
1130 2774 1282 2847 quatuor

329 2860 457 2938 leucaS,
481 2861 590 2944 juxta
614 2881 703 2940 eum,
730 2864 906 2939 existeret,
935 2863 995 2927 sed
1029 2863 1073 2927 ad
1100 2883 1278 2930 removen-

329 2963 410 3026 dum
434 2962 643 3028 obsidionem
674 2963 836 3027 accedere
857 2984 926 3027 non
953 2964 1108 3042 auderet,
1135 2966 1196 3030 sed
1217 2987 1281 3050 per

329 3084 444 3145 regem
475 3063 639 3140 Boemiae,
670 3064 729 3146 qui
761 3064 826 3127 fuit
853 3084 982 3141 secum,
1023 3085 1133 3148 super,
1155 3074 1281 3150 treuga

328 3164 489 3242 ineunda,
508 3172 542 3229 et
568 3164 697 3240 oblata,
714 3163 835 3228 fierent
853 3165 953 3229 multi
979 3172 1161 3231 tractatus.
1191 3228 1194 3233 ,
1219 3168 1280 3232 Fi·

330 3266 466 3340 naliter,
483 3265 554 3329 dux
573 3265 908 3342 Brabantiae,comes
924 3265 1110 3345 Hanoniae,
1124 3269 1279 3335 marchio

330 3365 372 3428 de
400 3363 530 3441 Julers,
561 3374 596 3429 et
624 3385 737 3430 comes
773 3365 815 3429 de
842 3364 959 3445 Gelre,
986 3374 1022 3431 et
1051 3367 1111 3432 alii
1145 3369 1278 3434 conice·

330 3466 440 3528 derati
468 3466 559 3546 regis
575 3464 726 3546 Angliae,
759 3475 1006 3531 consenserunt
1034 3469 1125 3550 quod
1154 3476 1279 3553 treuga

329 3565 486 3639 honesta,
507 3567 588 3630 licet
614 3566 758 3644 inutilis,
775 3576 977 3649 caperetur3
1016 3567 1162 3647 inutilis,
1189 3570 1278 3650 dico,

330 3666 402 3746 regi
418 3663 557 3747 Angliae
574 3673 608 3731 et
624 3668 708 3744 suiS,
723 3688 791 3731 non
817 3668 919 3732 dictis
937 3668 1280 3754 comitibus,·quibus

330 3766 422 3829 villae
455 3773 490 3828 et
516 3775 630 3831 castra
655 3765 839 3832 ³restituta
854 3768 1003 3846 suerunt,
1028 3789 1116 3852 quas
1143 3779 1179 3837 et
1200 3793 1280 3855 quae

329 3887 390 3930 rex
434 3867 590 3931 Franciae
634 3875 736 3945 antea
784 3869 912 3932 diutius
950 3870 1161 3952 occupavit.⁴
1214 3873 1281 3939 eui

365 4001 372 4031 ¹
391 4004 548 4069 ‘ceperunt,'
570 4007 604 4067 by
624 4021 700 4067 error,
724 4008 790 4055 Cott.
853 4004 862 4033 ⁴
882 4009 948 4055 Cott.
958 4007 1033 4069 Nero,
1045 4007 1080 4058 D.
1089 4023 1126 4072 x.,
1137 4009 1197 4060 here
1209 4012 1282 4074 gives

332 4077 370 4124 ct.
383 4077 414 4126 E.
816 4077 858 4125 the
870 4077 932 4126 form
944 4077 972 4125 of
980 4077 1021 4126 tbe
1033 4082 1112 4129 truce.
1142 4081 1281 4147 Itmaybe

363 4143 373 4172 ²
389 4147 397 4173 ‘
405 4147 503 4210 jurati,’
516 4149 575 4197 Cod.
588 4149 652 4210 Reg.
665 4147 698 4196 Α.
712 4160 788 4196 xvru.
816 4162 875 4197 seen
886 4150 912 4198 iu
925 4149 1024 4212 Rymer,
1036 4165 1060 4200 v.
1073 4166 1098 4214 p.
1108 4155 1165 4205 205.
1192 4171 1197 4179 ·

364 4213 374 4242 ³
389 4215 545 4280 ‘restitutae,’
563 4221 628 4268 Coit.
643 4219 682 4268 Cl.
695 4218 727 4267 E.
1067 4242 1068 4245 ¹
