2902 4884
483 377 704 428 canonicos.
1007 363 1072 426 143

120 539 214 600 bunt.
284 536 386 614 Item,
423 537 514 620 quod
548 539 578 602 si
617 558 679 621 per
714 539 862 621 aliquem
901 538 1070 604 dictorum
1083 557 1189 596 Temnos

119 656 250 718 regum,
285 637 341 701 vel
367 639 521 720 gentium
554 638 786 720 alligatam,
819 649 855 705 et
893 640 1070 725 coadjuto-

119 757 194 800 rum
214 738 379 820 ipsorum,
397 739 514 821 aliqua
536 740 690 803 obsessio
713 741 827 822 posita
852 740 898 805 sit
926 741 962 804 in
978 740 1071 805 Vas·

120 838 232 914 conia,
251 837 306 901 vel
329 839 365 901 in
393 838 523 903 ducatu
547 837 758 922 Aquitaniae,
776 848 838 905 aut
860 842 895 904 in
918 841 995 904 aliis
1017 841 1071 904 iu·

121 937 205 1001 sulis
231 939 347 1016 maris,
372 939 408 1002 in
435 937 645 1022 Gerneseya,
673 938 859 1024 Gereseya,
890 941 945 1004 vel
975 941 1070 1016 alibi,

119 1038 205 1121 ipsae
247 1041 461 1104 obsessiones
496 1040 704 1105 levabantur
733 1061 836 1124 quam
867 1042 936 1105 cito
968 1041 1071 1106 dictae
1150 1071 1151 1075 ¹

1082 609 1119 648 tbe
1127 611 1193 648 truce.

120 1147 251 1221 treugae
273 1141 490 1221 pervenerint
515 1141 558 1204 ad
588 1142 747 1205 notitiam
776 1141 972 1206 eorundem.
1024 1142 1071 1206 Et

120 1239 378 1321 quatuordecim
399 1261 568 1323 personae,
587 1241 758 1319 videlicet,
789 1249 920 1325 septem
940 1263 984 1305 ex
1003 1262 1071 1306 una

120 1347 231 1422 parte,
254 1347 289 1404 et
310 1348 442 1423 septem
460 1361 504 1406 ex
524 1341 594 1405 alia
620 1350 719 1425 parte
746 1342 914 1406 dictorum
940 1363 1070 1424 regum,

119 1440 299 1507 intrabunt
315 1441 428 1518 villaS,
452 1448 578 1519 castra,
594 1461 655 1506 seu
681 1442 859 1518 fortalitia,
878 1443 936 1507 ubi
953 1445 1071 1508 obses·

119 1541 233 1605 siones
259 1549 368 1618 erunt,
394 1549 429 1606 et
453 1542 618 1606 videbunt
647 1543 859 1622 garnisiones
886 1551 957 1607 tam
986 1563 1071 1625 gen·

122 1641 208 1705 tium
242 1661 344 1724 quam
388 1642 588 1706 victualium
625 1662 703 1725 quae
732 1644 825 1706 intus
864 1651 986 1717 erunt;
1027 1643 1072 1707 ad

80 1794 85 1804 r
120 1741 220 1809 finem
239 1743 330 1825 quod
352 1743 408 1806 die
425 1762 496 1825 qua
517 1743 677 1807 deficient
699 1744 776 1807 istae
794 1750 945 1825 treugae,
970 1742 1072 1808 dictae

121 1842 225 1920 villae,
243 1850 370 1920 castra,
386 1863 448 1907 seu
473 1843 652 1920 fortalitia,
669 1862 748 1926 quae
770 1851 885 1920 essent
910 1844 1071 1921 obsessae,

120 1945 347 2008 remanebunt
364 1951 399 2008 et
414 1951 584 2026 ponentur
603 1944 638 2007 iu
659 1945 721 2008 tali
747 1964 889 2009 numero
906 1951 941 2008 et
962 1963 1071 2027 quan·

122 2043 224 2108 titate
259 2044 460 2109 victualium
496 2052 532 2108 et
571 2063 806 2128 personarum,
845 2045 934 2109 sieut
975 2064 1071 2128 repe·

120 2143 252 2208 rientur
266 2165 328 2228 per
341 2145 450 2208 dictas
465 2146 722 2227 quatuordecim
738 2163 915 2228 personas,
925 2153 1073 2229 excepta
1138 2204 1141 2210 ⁴

120 2242 213 2308 dicta
238 2246 379 2309 civitate
400 2244 600 2322 Venetensi,
625 2245 667 2310 de
696 2265 765 2328 qua
795 2254 951 2310 servetur
980 2247 1071 2328 quod

117 2346 279 2426 superius
295 2354 349 2410 est
366 2365 579 2427 expressum.

171 2445 295 2523 ‘Item,
310 2446 402 2529 quod
423 2447 556 2510 banniti
572 2452 607 2510 et
623 2445 761 2526 fugitivi
778 2446 820 2509 de
838 2447 950 2528 patria
966 2446 1072 2509 Flan-

121 2544 217 2623 driae,
247 2548 306 2629 qui
337 2546 476 2610 fuerunt
502 2545 544 2610 de
571 2552 669 2628 parte
698 2547 790 2628 regis
809 2546 978 2624 Franciae,
1003 2566 1072 2610 non

120 2654 305 2727 poterunt„
323 2646 424 2710 dictis
452 2646 582 2728 treugis
596 2645 821 2724 durantibus,
849 2646 978 2711 intrare
1010 2666 1073 2711 nec

121 2747 237 2812 venire
260 2748 296 2811 in
315 2746 524 2812 Flandriam.
577 2747 624 2810 Et
643 2748 674 2810 si
691 2748 874 2828 contingat
891 2748 983 2830 quod
1008 2747 1072 2810 ali-

122 2847 200 2928 quis
230 2849 383 2931 ipsorum
415 2848 480 2911 iret
513 2855 635 2912 contra
658 2847 770 2914 dictas
804 2854 948 2930 treugas
983 2848 1073 2911 infra

120 2966 264 3030 reguum
283 2949 439 3012 Franciae
461 2948 593 3031 atejus
620 2967 734 3030 posse,
751 2948 849 3011 fieret
871 2947 913 3010 de
934 2966 975 3010 eo
994 2947 1072 3031 jus,-

122 3048 209 3123 titia,
238 3056 273 3113 et
301 3057 402 3113 erunt
426 3049 603 3112 forisfacta
634 3050 751 3112 omnia
778 3050 869 3111 bona
903 3066 968 3110 sua
994 3067 1072 3130 quae

122 3157 238 3213 esseut
260 3149 296 3214 in
314 3148 488 3213 Flandria.
541 3149 643 3226 Item,
661 3149 753 3231 quod
779 3147 895 3211 debita
914 3167 992 3230 quae
1015 3146 1073 3210 de-

123 3251 247 3314 bentur
267 3251 301 3313 in
322 3250 518 3325 Attrebato,
536 3250 637 3313 dictis
655 3247 888 3330 1astrepmois,
909 3247 1073 3324 velaliis,

121 3350 157 3412 iu
176 3369 282 3431 regno
302 3351 469 3428 Franciae,
502 3370 569 3414 non
596 3355 773 3432 petantur,
789 3367 851 3412 nec
875 3347 918 3412 de
942 3348 991 3413 eis
1012 3347 1073 3412 fiat

122 3452 293 3527 executio,
332 3451 536 3516 durantibus
579 3449 711 3530 treugis
751 3448 935 3532 praedictis.
1016 3448 1074 3513 Ita

122 3550 215 3633 quod
234 3552 493 3629 omuialevata,
511 3550 764 3634 qualiacunque
786 3550 867 3627 sint,
884 3550 977 3614 sacta
994 3557 1074 3613 ante

119 3651 233 3715 dictas
256 3661 395 3734 treugas
423 3660 575 3734 tempore
599 3669 745 3733 guerrae,
772 3651 995 3715 remanebunt
1024 3650 1074 3712 le·

121 3760 218 3829 vata,
244 3752 319 3817 sine
350 3752 507 3817 faciendo
529 3751 781 3816 restitutionem
811 3750 912 3814 dictis
944 3750 1074 3829 treugis

121 3852 336 3918 durantibus.

149 4008 153 4015 .
174 3952 300 4031 ‘Item,
318 3953 411 4036 quod
435 3953 470 4016 in
493 3953 569 4016 istis
592 3951 725 4033 treugis
743 3949 1076 4034 comprehendantur

123 4052 287 4136 Hispani,
320 4053 512 4130 Chatelani,
540 4051 788 4128 Provinciales,
833 4051 1014 4133 episcopus
1042 4056 1077 4111 et

351 4205 357 4236 ¹
377 4207 434 4268 Sia,
452 4217 481 4257 or
492 4190 694 4270 ‘Ascrepmoys‚'
708 4207 862 4269 Nero,D.x.
