2902 4884
549 381 771 430 chrronicon
1074 371 1139 434 115

228 536 327 624 [Ηοο
347 560 443 607 anuo
460 558 553 624 papo
579 540 789 605 Benedictus
817 539 901 604 nihil
928 540 1011 607 fecit
1037 549 1290 656 ¹1⁰t&·,¹},'⁰,⁰ggt¹,2¹¹,5{

177 641 268 723 bile3
296 642 356 706 sed
375 638 504 707 electos
522 641 776 706 Eboraceusem
799 648 834 705 et
856 641 1134 709 Lincolniensem
1291 632 1296 645 ’

179 743 291 808 tenuit
311 743 348 806 in
362 743 459 807 curia
472 743 692 825 languentes,
707 749 743 807 et
769 743 966 808 nullatenus
991 744 1133 826 expedi·
1228 778 1234 787 ·

179 851 244 911 tos.
297 842 400 921 Item,
418 843 484 907 hoc
508 861 599 907 anno
618 843 712 909 veuit
733 842 893 908 dominus
911 843 954 907 de
970 843 1007 908 la
1029 845 1132 910 Brett

178 943 222 1007 ad
249 963 377 1026 regem,
393 943 537 1009 offerens
560 963 598 1010 se
624 943 735 1009 multa
751 942 924 1009 facturum
946 943 983 1008 in
1003 944 1132 1010 ducatu

179 1043 378 1126 Aquitaniae
387 1064 450 1128 pro
464 1064 558 1126 rege,
570 1043 651 1108 dum
661 1050 776 1110 tamen
786 1043 928 1109 haberet
941 1045 1129 1128 pecuniam.

179 1144 225 1209 Et
253 1146 336 1229 quia
353 1144 406 1209 illi
429 1145 472 1210 de
496 1145 532 1211 la
559 1145 660 1210 Brett
684 1163 819 1229 semper
840 1144 981 1211 morunt
1009 1146 1131 1212 incerti

179 1245 292 1323 amici,
308 1253 345 1310 et
370 1245 546 1311 multoties
568 1245 782 1323 vacillantes
812 1245 878 1310 fuit
903 1264 1038 1328 semper
1065 1246 1131 1311 hoc

179 1344 238 1409 diu
254 1346 495 1421 deliberatum
514 1345 575 1409 sed
588 1346 738 1410 finaliter
750 1345 871 1410 babuit
882 1345 1009 1411 multas
1018 1345 1127 1423 lanes,

180 1464 225 1509 ex
241 1465 312 1530 qua
325 1464 433 1511 cause
447 1442 624 1511 nescitur.1
659 1445 761 1523 Item,
780 1446 875 1511 venit
892 1463 982 1510 unus
999 1447 1131 1529 episco-

178 1564 244 1629 pus
273 1546 403 1634 Vasco,
422 1555 458 1612 et
482 1547 620 1630 quidam
645 1546 717 1624 alii,
735 1545 779 1610 ad
801 1565 930 1628 regem,
946 1566 1010 1628 pro
1031 1546 1131 1631 adju-

178 1648 268 1712 torio
291 1647 451 1713 habendo
475 1647 521 1712 ed
548 1647 714 1712 tuendum
736 1646 899 1711 ducatum
926 1652 962 1711 et
987 1665 1130 1729 recupe-

177 1748 322 1812 randum
344 1748 474 1826 ablata,
490 1748 616 1831 quibus
643 1747 709 1812 boc
735 1766 828 1811 auno
844 1766 914 1811 non
936 1746 1002 1811 fuit
1030 1747 1131 1830 plene

176 1867 400 1931 responsum:
424 1856 460 1914 et
471 1849 549 1913 ideo
564 1849 797 1932 expectabant
814 1846 1003 1932 Londoniis
1020 1866 1130 1930 usque

176 1946 214 2012 in
234 1967 363 2014 aunum
385 1955 595 2033 sequentem,
619 1948 703 2032 quia
729 1949 934 2032 sperabatur
959 1947 1130 2012 adventus

176 2048 305 2114 domini
326 2049 458 2116 Oliveri
481 2049 524 2115 de
545 2048 747 2132 Hyngham,
771 2047 978 2117 seneschalli
995 2047 1130 2113 Vasco·

177 2150 255 2228 uiae,
271 2150 331 2233 qui
346 2152 434 2216 bene
449 2169 487 2217 se
510 2150 632 2215 habuit
655 2150 794 2227 ibidem,
810 2149 870 2232 qui
892 2153 1015 2231 postea
1031 2149 1129 2217 venit

177 2268 269 2315 anno
283 2249 467 2338 sequenti]

226 2348 428 2429 21tem,hoc
451 2369 542 2415 anuo
559 2351 651 2415 circa
667 2349 873 2436 principium
889 2349 1017 2412 mensis
1038 2347 1062 2412 J
1066 2349 1126 2414 ulii

175 2451 305 2534 recepit
336 2470 399 2516 rex
430 2449 570 2533 Angliae
607 2449 828 2534 supradictus
869 2448 988 2513 literas
1029 2448 1127 2514 ducis

176 2550 349 2630 Bavadae,
366 2550 427 2634 qui
442 2570 480 2615 se
495 2551 578 2615 dicit
593 2550 856 2634 Imperatorem,
873 2548 909 2611 iu
922 2549 997 2613 haec
1008 2551 1126 2615 verba.

183 2792 317 2842 hinnitu
340 2793 446 2841 nucis
470 2790 640 2842 nevum
663 2792 749 2840 REGI
777 2792 921 2844 ANGLIAE
945 2793 1116 2842 DIREG'I'A.

220 2956 230 2986 ‘
244 2949 478 3028 Lonowrcus,
497 2949 564 3015 Dei
581 2948 708 3030 gratia,
721 2946 959 3012 Romanorum
972 2946 1126 3032 Impera·
1138 2959 1211 2999 »οιτον
1218 2960 1242 3000 01
1253 2959 1290 3000 the

1138 3019 1234 3060 emperor

174 3057 381 3137 torsemper
399 3048 594 3132 Augustus,
612 3046 831 3130 ³[preeclaro]
851 3045 1035 3126 Eduardo,
1053 3050 1126 3131 regi
1139 3059 1236 3151 {m

175 3148 325 3232 Angliae,
342 3148 443 3214 fratri
463 3168 528 3214 suo
546 3149 735 3226 carissimo,
752 3146 912 3223 salutem,
931 3154 966 3212 et
982 3148 1127 3214 sinceres

171 3250 367 3315 dilectionis
381 3248 552 3316 affectum.

225 3349 346 3415 ‘licet
373 3350 554 3414 innumera
585 3347 797 3430 grandiaque
828 3348 968 3430 negotia
995 3346 1123 3414 nostris

174 3451 376 3516 incumbant
400 3449 563 3527 humeris,
578 3456 613 3514 et
635 3449 727 3514 circa
749 3448 812 3513 illa
827 3444 1064 3532 multipliciter
1090 3457 1125 3515 et

206 3628 215 3660 ¹
233 3630 274 3680 De
290 3629 317 3678 la
328 3629 401 3678 Brett
416 3629 581 3679 surrendered
597 3644 636 3680 se·
696 3627 706 3657 ²
721 3628 799 3680 What
814 3630 922 3694 follows,
933 3631 996 3681 with
1006 3630 1048 3681 the
1065 3633 1124 3682 sub·

171 3701 240 3752 reral
251 3699 440 3762 cestles,lands,
448 3700 497 3748 and
508 3699 635 3762 lordships
662 3703 767 3762 sequent
774 3700 1024 3764 documents,occurs
1033 3702 1123 3764 onlyin

171 3775 198 3822 iu
209 3771 366 3832 Gascouyto
377 3769 498 3820 Edward.
534 3770 582 3820 See
593 3770 635 3819 the
663 3771 729 3820 cett.
741 3771 781 3820 Gi.
793 3769 825 3821 E.
835 3784 892 3822 vm.

169 3845 320 3893 instrument
330 3842 357 3889 in
368 3842 469 3903 Rymer,
477 3853 502 3891 v.
512 3845 569 3892 265.
592 3840 635 3889 He

170 3915 193 3963 is
204 3911 341 3975 especially
353 3910 472 3960 included
480 3911 515 3973 by
525 3926 598 3960 name
610 3912 636 3959 in
696 3907 706 3938 ³
722 3910 875 3972 ‘praeclaro'
893 3911 916 3960 is
933 3912 997 3960 from
1019 3912 1121 3973 Rymer.

169 3985 212 4034 the
228 3983 298 4031 three
314 3981 397 4043 years'
410 3985 482 4031 truce
498 3981 591 4044 agreed
610 3986 636 4030 to
660 3981 741 4031 There
752 3994 795 4030 ure
811 3981 881 4030 other
891 3981 1036 4044 variatione,
1046 3983 1092 4030 but
1103 3984 1124 4030 it

172 4057 287 4105 between
304 4051 417 4101 Edwerd
435 4052 485 4100 and
504 4051 591 4114 Philip
610 4057 637 4100 at
661 4053 683 4100 is
694 4052 754 4113 only
764 4064 897 4112 necessary
909 4056 935 4100 to
946 4052 1028 4101 direct
1043 4057 1122 4101 atton

171 4125 327 4184 Malestrect,
352 4137 413 4172 near
436 4121 547 4186 Vannes,
575 4123 635 4172 Jan.
660 4123 712 4187 tion
723 4126 749 4170 to
760 4121 802 4170 the
813 4122 912 4171 version
923 4121 992 4172 there
1003 4123 1087 4185 given

174 4195 242 4257 leth,
255 4195 327 4244 lese.

981 4276 990 4311 r
1009 4267 1025 4315 2
