2902 4884
164 615 231 658 letter.

324 376 388 440 122
656 390 691 439 n.
714 387 929 437 uunluuuu.

164 566 311 609 urecolum-1
325 554 361 611 et
378 545 436 630 q'il
450 554 503 612 est
521 546 718 625 resuscitez,
733 554 768 611 et
782 546 873 622 vive,
891 552 927 610 et
942 564 985 629 qe
1002 551 1081 611 tant
1094 538 1189 611 seint
1210 567 1284 612 cre-

326 653 426 712 ntenr
446 667 543 713 come
567 647 593 712 il
619 654 683 725 ost,
700 666 805 713 evera
830 662 891 711 nx.
908 645 1050 713 femmes
1073 647 1216 730 pucclos
1240 669 1282 713 en

325 748 358 812 le
375 749 465 813 seint
482 748 627 830 Parays.

374 849 439 914 ‘Et
456 870 522 932 pur
537 869 599 914 ceo
615 854 649 913 te
666 847 877 913 comandons
893 866 975 912 sour
990 847 1027 911 lu
1040 847 1141 931 peine
1156 849 1202 915 de
1216 870 1280 919 no·

324 956 376 1013 tre
392 950 461 1034 loy,
478 969 521 1033 qe
537 969 580 1014 ne
602 968 744 1033 reposeu
764 948 883 1033 josqes
905 955 978 1014 tote
999 948 1035 1014 la
1061 949 1280 1017 Orestienete

322 1050 390 1115 soit
408 1047 537 1126 ¹h0nie,
549 1057 584 1115 et
599 1050 778 1115 destruite.
821 1049 868 1113 Et
884 1048 1018 1117 donons
1033 1069 1118 1132 poen
1130 1070 1172 1117 es
1189 1071 1279 1121 nous

323 1147 520 1232 Allfakyns,
535 1157 570 1214 et
585 1169 624 1216 as
641 1170 705 1219 nos
715 1147 855 1228 Alfiers,
866 1146 942 1234 q'ils
957 1150 1112 1233 puissent
1125 1152 1278 1233 pardon-

324 1258 434 1317 neret
450 1270 624 1316 sermoner
640 1251 673 1318 le
695 1250 785 1316 seint
805 1270 874 1317 nou
892 1249 934 1317 de
955 1269 1044 1315 ceux
1064 1251 1100 1335 qi
1114 1250 1277 1319 alerount

322 1357 441 1415 contre
464 1351 496 1415 le
512 1350 679 1418 Cristiens
705 1371 769 1434 por
785 1351 884 1429 mier,
898 1348 935 1416 et
954 1370 1019 1434 per
1041 1357 1143 1431 terre,
1160 1361 1197 1419 et
1213 1353 1275 1437 q'il

322 1458 422 1532 eyent
444 1453 600 1534 pardoun
617 1472 683 1542 pur
703 1471 773 1518 eux
799 1470 957 1530 mesmes,
974 1458 1010 1517 et
1034 1471 1100 1535 pur
1124 1469 1182 1519 x1.
1199 1472 1274 1538 pen

321 1569 422 1616 sones
435 1552 478 1617 de
494 1553 571 1618 lour
590 1553 743 1636 lignege,
756 1552 903 1618 choscon
918 1549 1032 1621 d’enx.
1082 1550 1223 1623 Auxiut
1238 1561 1274 1621 te

320 1653 529 1718 comandons
546 1673 606 1717 sur
626 1654 660 1717 la
675 1654 818 1718 timurre
832 1652 875 1718 de
890 1659 989 1721 notre
1003 1652 1073 1718 fort
1093 1673 1210 1737 espec,
1227 1675 1272 1739 qe

320 1760 394 1817 tute
408 1774 506 1822 muer
528 1775 550 1819 a
565 1761 641 1819 tout
666 1754 698 1818 le
713 1773 809 1837 poer,
825 1773 868 1836 qe
878 1753 939 1838 jeo
968 1761 1002 1819 te
1032 1754 1065 1819 ai
1090 1753 1214 1834 donee,
1229 1755 1273 1820 de

320 1872 382 1916 cen
404 1853 439 1918 la
458 1874 541 1932 mer,
557 1862 594 1919 et
619 1853 661 1919 de
682 1855 729 1932 la,
754 1855 790 1919 la
813 1851 932 1933 ⁹terre,
951 1860 988 1919 et
1012 1874 1056 1938 qe
1083 1861 1123 1921 tu
1147 1875 1272 1923 courcc

320 1959 416 2017 toutz
429 1954 479 2018 les
491 1963 598 2019 terres
612 1955 852 2033 decrescens,
864 1974 928 2038 par
939 1955 1036 2033 mier,
1046 1962 1082 2022 et
1091 1965 1268 2038 perterre.

320 2053 367 2118 Et
403 2073 491 2118 ceux
515 2056 550 2138 qi
579 2063 744 2133 murrent,
768 2055 828 2139 jeo
849 2055 926 2121 leve
947 2055 983 2121 la
1003 2056 1108 2132 moin,
1137 2056 1182 2123 de
1206 2076 1271 2141 par

320 2161 416 2219 notre
442 2155 533 2221 seint
557 2154 735 2234 Allcoren,
758 2175 801 2238 qe
822 2155 962 2221 dedeinc
991 2156 1041 2220 les
1067 2156 1150 2225 treis
1168 2157 1269 2242 jours

318 2274 419 2337 apres
446 2263 579 2321 serrent
600 2257 796 2334 resuscitez,
826 2276 869 2323 en
897 2256 931 2322 le
953 2257 1042 2323 seint
1072 2256 1199 2323 Parcis
1222 2258 1268 2325 dtr

318 2356 512 2436 Mahomet,
543 2377 669 2441 ovesqe
702 2358 798 2422 lours
832 2355 972 2423 semmes
1005 2365 1041 2425 ot
1072 2357 1169 2425 lours
1206 2377 1265 2423 en·

314 2456 444 2534 sauna,
460 2464 495 2522 et
512 2453 587 2540 q’ils
604 2463 805 2540 mangerent
822 2457 964 2540 tienges
985 2457 1064 2535 mel,
1081 2459 1180 2537 bure,
1199 2459 1266 2527 leet

314 2564 350 2620 et
365 2556 555 2640 fourmage,
573 2565 608 2625 et
623 2558 770 2625 chescon
792 2558 896 2624 d'enx
920 2577 1026 2625 avere
1043 2575 1107 2623 vu.
1124 2559 1265 2631 summos

314 2657 465 2738 puceles,
479 2677 545 2741 pur
561 2658 597 2722 la
614 2660 713 2742 quele
727 2659 819 2723 seint
843 2659 902 2742 foy
915 2678 1003 2724 nous
1017 2659 1164 2727 tendons
1178 2656 1265 2725 d’en·

315 2766 368 2822 tre
384 2758 492 2836 salve,
508 2778 596 2823 ceux
614 2760 649 2843 qi
674 2766 806 2826 serrent
826 2758 926 2838 fortz,
943 2767 979 2824 et
1000 2759 1043 2824 de
1058 2760 1128 2825 bon
1144 2780 1264 2843 queor.

315 2857 361 2922 Et
378 2878 466 2925 ceux
493 2860 529 2942 qi
555 2879 599 2923 ne
628 2867 771 2944 purrent
790 2860 874 2936 aler,
900 2867 935 2924 et
957 2859 1099 2926 durrent
1119 2860 1164 2925 de
1188 2861 1265 2927 lour

316 2961 425 3039 avoir,
443 2958 519 3043 q'ils
538 2969 641 3044 eyent
659 2968 751 3026 ceste
768 2979 915 3025 mesmes
936 2961 1093 3043 perdono
1118 2962 1264 3040 suscito,

314 3061 397 3125 auxi
412 3061 490 3127 bien
505 3080 601 3124 come
616 3060 659 3125 ils
674 3061 826 3127 alassent
847 3081 993 3129 mesmes
1012 3081 1034 3126 a
1055 3061 1092 3127 la
1107 3063 1261 3131 batnille.

314 3159 361 3225 Et
379 3161 438 3245 jeo
460 3168 495 3226 te
512 3161 668 3239 comand,
684 3162 785 3227 noble
807 3160 871 3239 roi,
888 3168 1031 3245 pasteur
1052 3161 1113 3229 dos
1128 3161 1263 3243 hcrbcn,

312 3268 348 3324 et
373 3262 502 3326 bevour
516 3261 576 3327 des
593 3281 704 3336 eawes
720 3261 762 3327 de
779 3263 815 3326 la
833 3261 899 3348 [la]
917 3263 1012 3340 mier,
1030 3262 1124 3330 etde
1142 3283 1205 3331 cea
1220 3264 1262 3331 dc

312 3359 347 3424 la
366 3382 448 3437 mer,
469 3369 504 3427 et
522 3362 704 3429 destruonr
718 3362 761 3427 de
784 3361 964 3438 CristienS,
978 3382 1021 3445 qe
1044 3369 1083 3427 tu
1107 3373 1143 3429 te
1167 3382 1282 3437 muco!

310 3468 443 3526 tantost
462 3482 483 3527 a
499 3469 577 3528 tout
601 3463 634 3527 le
655 3482 740 3545 poen
760 3483 803 3546 qe
815 3462 875 3547 jeo
890 3469 951 3546 tay
967 3462 1146 3540 comendo,
1160 3471 1197 3531 ot
1221 3485 1263 3549 qe

312 3568 350 3624 tu
367 3569 401 3626 te
416 3562 489 3628 vois
509 3583 574 3646 par
587 3561 769 3629 Gilbalbar
782 3570 881 3632 notre
891 3563 977 3647 j0ye
992 3571 1161 3633 aventure
1176 3584 1261 3635 avoc

312 3681 334 3726 a
350 3662 433 3727 clier
448 3662 588 3729 Chastcl
611 3664 652 3727 de
668 3663 756 3728 mult
783 3670 887 3747 grant
901 3670 1013 3741 ventu,
1029 3672 1064 3730 et
1080 3683 1202 3747 possen
1225 3666 1262 3733 ln

310 3763 396 3828 mier
409 3771 528 3829 contre
543 3763 575 3828 le
588 3764 639 3830 roi
655 3764 875 3847 d'Enpaigne,
892 3771 927 3829 et
947 3771 1066 3832 contre
1079 3765 1130 3831 les
1145 3773 1263 3835 autres

310 3862 498 3942 CrestienS,
515 3884 558 3947 qe
574 3865 661 3931 neilz
682 3865 783 3931 d'eux
802 3866 862 3930 nul
885 3865 991 3930 merci
1006 3886 1049 3930 ne
1064 3872 1163 3949 pete3
1188 3886 1262 3933 mes

311 3983 353 4046 qe
374 3971 447 4029 tote
467 3965 502 4029 la
530 3963 724 4031 Crestiente
746 3967 813 4030 soit
844 3966 1022 4031 destruite.
1084 3966 1132 4033 Et
1158 3966 1261 4034 suites

345 4145 353 4177 ¹
372 4149 445 4196 From
462 4146 587 4208 ‘honnir,’
601 4152 626 4195 to
649 4160 722 4196 curce
733 4162 775 4194 :—
835 4141 1027 4210 '‘mier‚'MS.

312 4218 398 4266 ‘Honi
409 4218 457 4266 soit
468 4218 512 4279 qui
523 4218 574 4267 mel
584 4234 602 4279 y
613 4216 707 4278 pense.'
