2902 4884
376 391 398 456 6
716 407 751 454 a.
771 404 986 455 uuaruuru.

376 569 412 626 et
428 561 525 626 sones
543 562 578 626 in
594 559 714 626 ¹collis
732 560 909 638 habentes,
925 560 1193 626 misericordiam
1210 568 1331 643 postu-

376 662 501 727 lantes,
565 661 662 741 Quos
689 681 751 725 rex
787 662 939 743 suscepit
969 662 1013 725 ad
1046 660 1327 736 miscricordiam,

377 768 412 825 et
434 762 478 826 ad
498 761 636 826 diversa
662 769 776 825 castra
799 762 836 825 in
853 760 985 843 Anglia
1013 761 1107 824 misit
1132 761 1328 824 carceribus

376 861 635 944 mancipandos,
651 861 820 924 neminem
837 860 1043 939 occidendo;
1065 861 1188 942 positis
1205 860 1327 924 deinde

375 949 576 1025 custodibus
598 980 659 1043 per
676 967 784 1024 totam
808 959 971 1037 Scotiam,
989 959 1092 1024 rediit
1111 960 1147 1023 in
1162 958 1326 1041 Angliam

376 1059 611 1125 ²hiematurus
628 1061 664 1123 in
682 1080 735 1137 ea,
753 1060 842 1124 sicut
855 1059 997 1124 iuferius
1011 1059 1201 1142 apparebit.

378 1300 599 1349 JUS'l’l'l’lARll
648 1303 694 1348 DE
742 1301 1016 1350 TRAYLBASTON.
1095 1299 1194 1348 OBIIT
1234 1300 1328 1348 PAPA

429 1402 665 1450 BENEDIOTUS.
729 1401 918 1450 ROBERTUS
960 1402 1007 1447 DE
1051 1401 1168 1448 BRUYS
1212 1401 1327 1448 PRIMO

428 1500 607 1549 GUERRAM
651 1501 776 1562 Movit,
819 1501 964 1548 CONTRA
1005 1501 1179 1549 DOMINUM
1223 1499 1326 1549 SUUM

428 1601 645 1649 EDWARDUM
674 1601 810 1648 REGEM.

214 1779 348 1822 rounam
432 1760 542 1824 Auno
562 1761 703 1824 Donum
731 1776 897 1832 mcccv„
925 1758 1104 1823 Benedicti
1133 1777 1233 1841 papae
1251 1758 1326 1823 ΧΙ.

214 1832 314 1921 mh
376 1860 499 1942 primo,
516 1862 615 1941 regni
641 1880 722 1924 vero
750 1859 833 1924 dicti
860 1859 951 1940 regis
974 1858 1138 1923 Edwardi
1168 1875 1327 1936 xxxnu,

214 1933 334 1983 ”mmm
377 1961 487 2024 tenuit
515 1979 577 2023 rex
608 1959 800 2024 Edwardus
826 1958 955 2023 Natale
988 1958 1079 2042 apud
1110 1958 1325 2023 Lincolniam

374 2060 490 2123 nobile
517 2068 552 2124 et
578 2060 750 2124 sollemne.
804 2059 850 2123 Et
867 2057 1040 2122 ordinavit
1049 2058 1259 2142 justitiarios
1282 2058 1325 2121 de

375 2156 671 2243 ³Traylebastone
688 2167 767 2241 post
782 2179 843 2242 per
857 2165 966 2222 totam
983 2156 1205 2239 Angliam‘ad
1221 2158 1326 2221 casti·

373 2260 527 2340 gaudum
561 2259 811 2336 malefactores,
842 2278 904 2341 per
935 2276 1022 2341 quos
1054 2256 1194 2322 suerunt
1226 2256 1327 2321 multi

377 2360 491 2441 puniti
507 2366 542 2424 et
558 2361 650 2442 regis
667 2360 825 2424 aerarium
843 2356 944 2422 valde
958 2357 1116 2422 ditatum.

214 2480 343 2522 ureniana
429 2458 510 2523 Hoc
536 2478 625 2524 anno
640 2460 761 2542 quinto
786 2458 841 2522 die
866 2457 993 2520 mensis
1007 2455 1105 2520 Junii
1121 2456 1325 2533 cardinales

215 2531 348 2574 mmm
377 2558 436 2639 qui
464 2578 487 2621 a
515 2565 626 2622 morte
653 2558 832 2640 Benedicti
862 2555 997 2620 Perusii
1024 2556 1147 2619 inclusi
1176 2555 1325 2632 fuerunt,

377 2655 530 2738 quiade
556 2658 679 2740 seipsis
704 2657 758 2721 vel
784 2657 901 2739 aliquo
920 2656 1046 2720 Italico
1068 2675 1138 2720 non
1164 2662 1326 2737 poterant

375 2756 598 2833 concordare,
616 2758 794 2839 elegerunt
814 2757 850 2820 in
868 2775 994 2839 papam
1015 2752 1265 2819 ⁴Bertrandum
1283 2755 1326 2818 de

377 2853 499 2933 Gotto‚
515 2857 808 2940 archiepiscopum
826 2855 1130 2937 Burdegalensem,
1151 2855 1187 2918 in
1206 2855 1325 2936 vigilia

377 2954 613 3033 Pentecostes,
640 2957 700 3040 qui
726 2957 822 3039 prius
847 2955 913 3019 fuit
943 2955 1125 3039 episcopus
1147 2951 1325 3019 ⁵Gonven·

376 3074 486 3133 arum,
504 3065 626 3139 postea
647 3057 830 3140 episcopus
846 3053 1113 3137 Burdogalensis
1136 3055 1249 3118 factus
1264 3073 1326 3136 per

375 3175 502 3238 papam
537 3157 580 3220 ad
610 3157 887 3241 procurationem
925 3155 1042 3218 fratris
1075 3155 1129 3218 sui
1160 3154 1326 3235 germani,

375 3253 586 3320 Albaneusis
601 3255 754 3340 episcopi
771 3254 965 3320 cardinalis.

213 3375 332 3437 mauron
427 3354 507 3417 Hoc
529 3374 619 3419 anno
644 3357 709 3419 fuit
726 3346 895 3431 ⁶tractus,
913 3371 1112 3434 suspensus,
1130 3361 1164 3417 et
1191 3352 1327 3435 decapi-

213 3426 338 3517 lidii?
375 3459 471 3516 tatus
483 3453 692 3517 Willielmus
702 3453 861 3536 Walleys
879 3452 971 3535 apud
987 3451 1142 3528 London,
1159 3454 1218 3534 qui
1233 3453 1328 3534 prius

375 3558 496 3615 contra
518 3551 697 3634 AnglicoS,
714 3551 774 3616 ⁷et
801 3553 838 3616 in
866 3551 984 3615 Scotia
1010 3556 1046 3613 et
1068 3552 1224 3632 partibus
1251 3550 1327 3614 fini-

374 3650 480 3727 timia,
497 3653 607 3717 multa
623 3653 777 3717 facinora
793 3652 1018 3733 perpetravit.

411 3852 420 3886 ¹
437 3853 538 3918 ‘collo,’
558 3857 629 3907 Holl.
897 3851 907 3879 ³
923 3852 1060 3914 Comenge,
1086 3868 1114 3901 or
1137 3853 1281 3917 Cominges,
1299 3855 1326 3902 in

411 3939 422 3972 ²
438 3939 648 4004 ‘irremeaturus,'
666 3943 737 3990 Hcll.
861 3923 990 4040 (ῗζῧξοᾶἷῦ
1003 3936 1062 3982 says
1074 3922 1146 4014 {3³¹¹-

376 4061 379 4064 ⁴
409 4033 635 4098 ”Tfylbffiwned
649 4038 688 4085 ω·
701 4036 732 4085 E·
898 3997 1086 4112 ⁷CdStilldcltruass’
1104 3993 1188 4111 aldadi}
1201 4065 1226 4109 et
1248 4061 1324 4111 etiam

406 4129 416 4160 ⁴
434 4131 476 4179 He
487 4129 546 4179 took
558 4130 600 4178 the
612 4130 666 4178 title
681 4129 710 4179 οἰ
721 4130 835 4180 Clamant
862 4130 966 4194 Scotia‚'
984 4133 1099 4192 omitting
1118 4127 1179 4191 ‘in,'
1197 4130 1281 4179 which
1302 4134 1325 4180 is

370 4201 403 4250 V.
861 4203 924 4250 from
936 4203 1008 4252 Hall.
