2902 4884
326 370 390 435 128
658 387 693 435 A.
717 384 932 435 uuaruuru.

163 560 284 602 amau·
324 546 497 630 pleisauut
522 563 543 609 a
566 550 664 609 vetre
690 563 835 609 comune
862 542 1008 628 people;
1039 544 1179 626 sacher,
1200 546 1283 627 sire,

163 610 260 703 ἰἵὲῗὶἑῖ
323 649 366 713 de
407 646 547 723 certain,
590 653 627 709 et
661 663 723 709 ceo
759 651 940 709 trouverez
976 662 1063 710 vous
1101 666 1150 731 qe
1185 649 1283 715 vient

323 768 365 812 eu
390 749 425 813 la
440 765 578 811 manere
600 765 659 810 ore
688 764 859 822 comeuce,
881 752 918 810 et
941 747 1182 826 certeiumeut,
1198 750 1281 829 sire,

322 868 411 914 uous
438 849 563 913 dotous
585 847 673 910 mult
704 846 735 909 si
758 845 858 911 Druu
890 865 934 910 ne
966 854 1037 911 met
1064 848 1220 915 remedie
1245 851 1281 935 qi

322 949 352 1013 si
378 969 465 1014 vous
494 967 641 1031 pursuez
675 947 711 1010 la
736 945 806 1011 dite
831 965 969 1011 manere
989 966 1164 1029 cumeneo,
1188 970 1280 1025 vous

321 1069 444 1133 purrez
467 1047 588 1131 perdre
613 1048 646 1112 le
664 1064 790 1131 queors
820 1053 856 1111 et
880 1046 982 1112 l’aide
999 1048 1042 1113 de
1056 1069 1147 1115 vous
1162 1059 1279 1133 genta,

322 1157 357 1215 et
391 1156 490 1214 votre
523 1150 611 1213 boue
649 1154 686 1212 et
716 1147 903 1211 dreiturele
931 1148 1091 1232 empriee,
1117 1158 1157 1215 et
1188 1171 1282 1219 vous

320 1250 457 1315 brauler
473 1269 517 1313 eu
533 1249 613 1314 tiele
627 1266 764 1311 manere
781 1267 846 1330 par
859 1246 903 1311 de
919 1266 983 1315 cea
995 1268 1039 1332 qe
1054 1268 1144 1315 vous
1160 1245 1280 1323 n’aver

321 1371 377 1415 rez
402 1370 487 1434 poer
512 1350 555 1414 de
580 1348 739 1432 pursuire
756 1355 855 1413 votre
880 1349 1036 1432 empuise,
1064 1358 1100 1416 et
1120 1353 1280 1419 eufercer

321 1471 384 1517 vos
413 1452 542 1515 enemis
570 1470 636 1533 pur
663 1466 751 1514 vous
784 1449 989 1528 destruerre,
1013 1457 1048 1516 et
1075 1471 1166 1517 vous
1191 1454 1278 1519 saite

320 1552 443 1635 perdre
467 1553 556 1616 boue
582 1549 673 1614 fame
697 1569 741 1613 en
768 1556 866 1614 vetra
892 1556 994 1628 terre,
1022 1571 1066 1634 qe
1092 1551 1194 1619 Dluu
1217 1554 1279 1621 de.-

321 1651 437 1717 seude!
458 1651 529 1716 Par
539 1670 632 1736 quay
641 1669 729 1734 pour
740 1650 775 1713 la
784 1649 981 1714 salvatiouu
990 1651 1032 1716 de
1042 1658 1142 1717 votre
1153 1653 1277 1735 benur,

321 1763 356 1818 et
371 1754 413 1817 de
431 1762 529 1817 votre
551 1760 650 1828 terre,
669 1757 704 1814 et
720 1770 786 1832 pur
803 1757 900 1814 votre
918 1752 1064 1835 emprise
1080 1754 1276 1834 meinteuir,

322 1855 443 1918 vuulez
461 1853 605 1936 prendre
628 1870 650 1916 a
673 1870 760 1914 vous
776 1850 826 1914 les
843 1858 965 1933 granta
980 1859 1016 1916 et
1036 1852 1087 1917 les
1104 1872 1209 1937 suges
1232 1856 1276 1923 de

323 1954 357 2017 la
376 1960 479 2030 terre,
495 1960 530 2017 et
556 1952 695 2016 euverir
713 1970 755 2014 eu
773 1971 834 2016 vos
855 1952 1041 2035 bosoigues
1067 1972 1135 2036 par
1156 1975 1227 2020 eux
1241 1964 1277 2022 et

322 2054 400 2118 lour
413 2053 554 2130 couseil,
571 2052 601 2115 si
617 2072 713 2116 come
730 2051 804 2115 einz
821 2071 876 2115 ses
895 2051 1020 2117 heures
1036 2053 1079 2117 ad
1096 2061 1172 2120 este
1181 2076 1274 2136 usee,

322 2174 429 2218 sauuz
444 2155 519 2218 eide
536 2159 571 2218 et
585 2152 713 2217 couseil
726 2153 768 2216 de
785 2170 899 2234 queux
914 2169 1002 2217 vous
1020 2173 1164 2237 nepueu
1175 2166 1274 2224 rotro

322 2256 469 2339 emptise
489 2253 682 2329 meinteuir‚
696 2259 731 2317 et
746 2260 844 2317 votre
869 2259 958 2316 terre
975 2254 1053 2318 bien
1074 2257 1274 2337 gouvernir.

322 2357 369 2421 Et
384 2374 451 2440 pur
474 2375 534 2420 ceo
554 2375 597 2437 qe
615 2372 737 2417 ascune
756 2352 790 2435 qi
819 2360 900 2417 sont
921 2373 983 2436 pre
1004 2354 1046 2419 de
1067 2374 1171 2435 vous,
1187 2378 1274 2424 nous

322 2455 566 2521 ¹s0urmetteut
589 2444 782 2518 fauserueut
809 2460 951 2518 tresouu
973 2461 1008 2519 et
1031 2455 1189 2537 sauxiue,
1211 2479 1274 2542 per

321 2577 414 2640 quay
427 2557 471 2620 ils
489 2563 568 2621 suut
583 2572 816 2635 escumeugez,
830 2560 865 2617 et
878 2574 944 2636 pur
957 2554 1055 2619 tieux
1070 2556 1122 2621 les
1138 2564 1274 2638 tenone,

320 2663 356 2721 et
371 2676 468 2720 come
485 2662 583 2720 votre
601 2655 695 2737 piere
709 2654 865 2737 espirital
887 2674 974 2719 nous
989 2656 1108 2738 prieus
1125 2676 1170 2740 qe
1188 2679 1274 2724 vous

319 2756 353 2820 le
369 2757 466 2821 volez
490 2775 557 2839 pur
579 2755 640 2820 tiel
669 2754 769 2832 tenir,
784 2760 820 2818 et
838 2755 961 2820 auxiut
977 2756 1072 2820 dient
1088 2776 1133 2840 qe
1148 2778 1273 2825 ascens

320 2864 437 2922 autres
459 2876 547 2922 vous
570 2862 656 2921 ount
685 2854 872 2918 malemeut
887 2862 922 2919 et
943 2855 1144 2922 fauxement
1170 2861 1273 2940 servi,

319 2978 384 3040 par
414 2959 495 3041 quai
517 2974 605 3023 vous
632 2974 717 3020 avez
740 2954 849 3037 perdu
871 2955 906 3020 la
926 2956 1008 3020 ville
1034 2956 1077 3021 de
1094 2957 1273 3045 Toumey‚

319 3065 355 3123 et
377 3060 530 3142 pluseres
554 3063 669 3121 autres
697 3056 839 3133 honum,
859 3073 901 3137 qe
923 3075 1011 3120 vous
1032 3057 1168 3140 porriez
1190 3080 1274 3126 aver

319 3158 462 3243 illoeqes
490 3179 534 3222 en
560 3159 682 3221 honur.
734 3154 882 3233 Voillez,
901 3154 980 3233 sire,
996 3157 1027 3221 si
1043 3177 1131 3223 vous
1148 3160 1272 3243 plaiae,

319 3259 404 3323 faire
436 3259 532 3323 venir
556 3258 606 3322 les
633 3257 776 3340 prelata,
803 3263 963 3338 grauntz,
979 3262 1014 3321 et
1041 3258 1153 3341 pieres
1176 3261 1272 3327 dela

318 3365 408 3424 terre
424 3379 467 3422 eu
484 3359 553 3423 lieu
570 3357 769 3435 coveuable,
782 3376 827 3419 ou
844 3375 931 3421 nous
946 3366 980 3421 et
994 3365 1111 3423 autres
1122 3369 1272 3441 grauutz

316 3477 444 3540 porons
460 3458 651 3522 salvemeut
669 3457 786 3534 venir;
810 3464 845 3521 et
860 3457 973 3534 faiteS‚
989 3458 1019 3520 si
1041 3478 1129 3523 vous
1151 3459 1272 3543 plaist,

316 3578 398 3621 veer
414 3565 449 3621 et
465 3576 614 3640 enquere
635 3578 676 3621 eu
694 3557 754 3639 qui
771 3556 889 3631 meins,
907 3558 985 3639 puis
1007 3558 1042 3621 la
1056 3579 1271 3627 commence-

315 3665 409 3723 ment
434 3658 477 3722 de
493 3665 592 3722 votre
618 3678 753 3740 guerre,
777 3657 897 3735 leiues,
919 3654 1066 3736 ⁹dever5,
1089 3666 1125 3723 et
1150 3669 1269 3730 autres

313 3758 446 3836 choseS,
476 3759 594 3841 queles
621 3759 715 3842 qeles
743 3764 878 3841 soyeut,
894 3758 929 3840 qi
953 3778 1046 3831 ‚vous
1074 3771 1161 3824 eunt
1193 3771 1268 3829 este

311 3866 499 3941 grauuteez
517 3879 560 3923 en
583 3859 668 3942 eyde
687 3859 730 3923 de
747 3865 845 3923 votre
869 3878 986 3939 guare,
1001 3865 1107 3943 tauqe
1129 3860 1165 3925 al
1184 3860 1270 3946 jour

311 3960 353 4023 de
376 3960 447 4036 hui,
465 3966 544 4024 suut
560 3959 742 4034 deveuutz,
757 3966 793 4023 et
815 3964 952 4028 voment
978 3959 1206 4042 despendutu,
1232 3972 1267 4031 et

345 4132 353 4160 ¹
370 4134 590 4195 ‘tourmencieut;’
602 4135 747 4196 Avesbury,
759 4149 775 4182 a
834 4131 846 4164 ²
862 4136 995 4185 ‘denarias
1004 4135 1019 4196 ;'
1032 4135 1175 4200 Aveebury.

310 4206 420 4256 Hearne.
