2902 4884
326 392 391 456 124
657 407 690 454 s.
718 403 933 454 uvnruuru.

165 583 272 625 meurs
326 585 388 648 per
416 564 631 628 commissam
653 563 703 627 eis
725 583 747 627 a
769 563 868 628 nobis
896 562 1105 628 credentiam
1123 562 1285 629 ¹conces³

164 634 227 674 letter
235 638 257 675 tc

166 685 260 727 monuo.

326 686 402 731 sum
412 666 511 730 nobis
526 663 659 748 pridem
669 663 835 729 divinitus
851 664 1120 747 superinimicos
1132 665 1286 730 fideitri-

327 767 491 849 umphum
507 765 707 848 gloriosum,
723 764 943 829 laudabiliter
959 765 1189 841 nunciarunt;
1224 766 1284 830 ad-

321 866 481 952 jicientes
496 865 587 948 quod
604 865 801 930 reformatio
819 865 915 948 pacis
930 865 1020 929 inter
1034 885 1096 930 nos
1107 874 1142 930 et
1158 866 1284 932 adver-

326 969 455 1032 sarium
478 973 633 1030 nostrum
657 965 827 1043 Francia,
842 972 914 1030 tam
937 986 982 1030 ex
1007 965 1189 1032 affectione
1212 984 1284 1050 qna

328 1069 426 1132 nobis
436 1065 621 1144 afficimini,
635 1073 706 1130 tam
718 1073 860 1149 propter
868 1066 1060 1130 habendum
1076 1074 1234 1132 nostrum
1246 1073 1285 1133 et

327 1168 473 1232 aliorum
487 1167 679 1251 principum
697 1174 817 1231 contra
831 1167 942 1231 dictos
958 1168 1114 1232 inimicos
1129 1168 1212 1233 fidei
1229 1186 1284 1233 as·

327 1268 519 1333 sistentiam
529 1275 564 1331 et
572 1268 888 1345 succursum,vobis
897 1267 1081 1332 admodum
1090 1269 1283 1349 estvctiva,

327 1375 364 1433 et
380 1367 471 1450 quod
497 1368 540 1432 ad
567 1368 644 1446 hoc,
660 1376 700 1434 ut
720 1369 910 1433 communis
925 1369 1069 1445 amicus,
1084 1369 1283 1453 interpone-

328 1470 411 1533 retis
428 1469 651 1534 libentissime
673 1475 791 1552 partes
809 1474 953 1547 vestras,
976 1476 1143 1552 quantum
1160 1480 1284 1553 posset

328 1570 402 1634 fieri
435 1589 512 1634 cum
549 1576 745 1634 nostrorum
782 1569 1041 1634 confirmatione
1072 1569 1206 1654 jurium
1246 1577 1283 1635 et

327 1669 485 1752 honoris;
513 1677 548 1734 et
571 1670 827 1755 subjunxerunt
853 1669 889 1732 in
913 1669 992 1747 fine,
1017 1669 1109 1754 quod
1127 1670 1283 1753 placeret

328 1772 439 1848 nobis,
454 1778 494 1836 ut
510 1770 601 1834 inter
615 1778 749 1834 vestros
765 1776 800 1834 et
816 1778 952 1834 nostros
971 1769 1140 1849 subditos,
1154 1771 1280 1836 saltem

328 1889 434 1953 supra
449 1890 554 1948 mare,
571 1871 714 1935 unitatis
731 1871 864 1952 vigeret
887 1870 1068 1935 amoenitas
1085 1877 1120 1935 et
1137 1871 1280 1938 amoris.

329 1969 375 2034 Et
392 1970 528 2052 quidem
541 1971 583 2034 de
597 1991 637 2034 eo
655 1971 747 2053 quod
763 1971 806 2034 ad
820 1990 883 2034 nos
901 1991 962 2054 per
974 1970 1280 2038 annunciationem

328 2077 434 2135 tantae
450 2071 667 2154 triumphalis
679 2071 834 2135 victoriae
851 2090 914 2135 nos
925 2091 1079 2135 recreare
1096 2079 1169 2136 tam
1186 2092 1282 2139 amas

327 2171 443 2236 biliter
471 2171 629 2238 voluistis
658 2178 775 2254 grates
805 2172 903 2236 vobis
933 2171 1123 2250 referimus,
1147 2174 1280 2255 gratias

327 2272 546 2338 exsolventes
563 2271 776 2350 Aurrssruo,
786 2272 845 2354 qui
854 2273 903 2336 sic
916 2273 960 2337 ad
973 2272 1146 2355 publicam
1161 2271 1280 2338 Chris·

327 2373 499 2438 tianorum
529 2374 698 2450 laetitiam,
724 2379 759 2436 et
790 2380 976 2456 perpetuos
1006 2372 1118 2437 laudis
1153 2382 1279 2441 vestrae

327 2473 460 2550 titulos,
471 2473 736 2538 misericorditer
753 2492 815 2536 vos
827 2474 1000 2557 respexit;
1019 2479 1054 2537 et
1069 2493 1115 2537 ex
1128 2493 1170 2537 eo
1185 2477 1280 2557 quod

326 2573 361 2636 in
377 2574 617 2638 reformatione
633 2573 729 2655 pacis
744 2592 848 2656 quam
864 2575 1003 2656 cupitis
1020 2593 1096 2637 esse
1113 2573 1222 2639 vultis
1236 2576 1279 2641 de

327 2674 587 2738 conservatione
603 2673 744 2739 honoris
768 2674 878 2738 nostri
894 2674 1032 2751 soliciti,
1051 2674 1150 2739 vobis
1172 2678 1278 2741 etiam

329 2774 556 2855 regratiamur
576 2794 621 2839 ex
646 2774 760 2851 corde,
783 2794 852 2857 quo
873 2774 961 2838 scire
982 2774 1065 2839 velit
1086 2781 1205 2839 vestra
1228 2797 1277 2842 re

327 2874 386 2955 gia
414 2875 594 2952 celsitudo,
618 2882 760 2958 propter
785 2874 1069 2939 necessitudinem
1097 2877 1277 2958 sauguinis

327 2994 396 3056 qua
434 2977 678 3053 connectimur,
715 2993 819 3058 quam
856 2976 1028 3041 intensum
1070 2974 1276 3042 desiderium

326 3075 417 3158 quod
438 3077 616 3154 habemus
632 3084 670 3140 ut
687 3076 789 3141 simul
815 3095 994 3158 possemus
1009 3075 1053 3140 ad
1075 3078 1278 3143 meritorum

327 3184 523 3241 nostrorum
548 3177 721 3241 cumulum
748 3176 846 3240 bellis
869 3176 1060 3242 Dominicis
1088 3177 1278 3259 intendere,

328 3283 362 3340 et
384 3278 468 3342 fines
496 3277 707 3342 credentium
733 3276 890 3354 dilatare,
915 3277 1101 3342 concedere
1120 3279 1278 3362 cupimus

326 3385 493 3459 quantum
519 3378 695 3443 commode
718 3378 906 3460 poterimus
927 3378 1017 3442 votis
1043 3377 1180 3445 vestris.
1231 3380 1278 3447 Et

326 3476 402 3541 ideo
431 3498 508 3542 cum
533 3479 600 3561 [in]
623 3478 776 3542 adventu
802 3479 955 3560 ipsorum
977 3478 1192 3557 nunciorum,
1214 3501 1278 3565 per

324 3578 493 3660 quosdam
509 3579 671 3660 alligatos
689 3585 839 3656 nostros,
857 3587 892 3643 et
910 3578 1010 3655 alios,
1022 3578 1204 3643 fuissemus
1218 3590 1276 3646 'ro-

325 3679 407 3759 gati,
423 3685 462 3742 ut
476 3679 552 3761 [ad]
569 3678 846 3762 prorogationem
867 3678 1047 3762 cujusdam
1069 3684 1202 3762 treugae
1222 3682 1276 3747 in·

325 3787 378 3842 ter
396 3799 459 3845 nos
480 3787 515 3843 et
529 3779 658 3843 dictum
676 3779 910 3844 adversarium
932 3784 1087 3843 nostrum
1102 3783 1274 3862 usquead

325 3878 449 3944 festum
478 3880 726 3945 Decollationis
764 3881 875 3945 sancti
900 3879 923 3944 J
927 3878 1072 3943 ohannis
1102 3880 1275 3964 Baptistae

325 3981 520 4062 proximum
542 3981 710 4065 futurum,
728 3999 924 4044 curaremus
943 3981 1148 4060 consentire,
1171 3983 1274 4047 dictae

326 4081 560 4163 prorogatioui
584 4081 761 4164 potissime
791 4080 1064 4144 consideratione
1086 4088 1213 4161 vestra,
1238 4093 1274 4150 et

501 4233 507 4262 ¹
526 4235 694 4286 ‘Concessum
705 4237 778 4285 nobis
788 4235 886 4297 pridem
896 4234 1036 4299 divinitus,'
1045 4234 1106 4285 MS.
