2902 4884
359 366 381 430 8
698 383 733 429 A.
752 381 969 431 uunruuru.

176 609 178 612 ,
198 570 296 610 naar·
354 539 481 624 jurare¹
498 559 643 622 regnum
658 537 811 620 Angliae,
831 540 914 620 quia
937 539 1031 604 dedit
1052 540 1180 605 malum
1198 542 1313 605 eonsi-

199 622 316 661 Geronton

198 671 335 712 namma,
359 639 443 703 lium
459 640 529 705 filio
545 659 621 718 suo,
637 639 697 722 qui
712 639 826 721 ipsum
844 638 988 705 Petrum
1000 641 1198 706 inordinata
1207 641 1312 706 affec-

361 740 454 804 tione
470 739 605 806 dilexit.

360 936 458 984 otuu*
488 934 564 982 REX
597 933 819 983 EDWARDUS·
872 935 902 981 Ρ.
929 935 976 982 DE
1006 934 1221 984 GAVERSTON
1250 937 1315 984 RE·
1399 1005 1400 1008 Ἴ
1433 979 1436 986 .

411 1034 670 1083 GONGILIA'PUR.
755 1034 920 1082 DOMINUS
957 1034 1006 1083 W·
1042 1035 1090 1081 DE
1130 1036 1312 1101 LANGTON,

412 1133 604 1183 EPlSGOPUS
631 1133 914 1195 GOVENTRENSIS,
941 1134 1239 1184 lNGARGERATUR.

199 1245 317 1338 {33321311¹
415 1241 539 1307 ¹Awno
557 1243 701 1306 Donum
728 1257 911 1319 u.ccc.v1.,
929 1242 1027 1324 regni
1043 1259 1126 1306 vero
1142 1242 1226 1307 dicti
1245 1242 1312 1306 Ed-

361 1343 469 1407 wardi
487 1359 622 1407 xxxiv,
641 1350 677 1405 et
694 1340 830 1418 ultimo,
846 1360 868 1405 a
887 1342 976 1406 festo
997 1343 1110 1406 sancti
1129 1342 1311 1407 Michaelis

359 1441 567 1524 incipiendo,
588 1441 746 1505 dominus
768 1460 830 1504 rex
854 1437 992 1522 Angliae
1009 1460 1087 1505 cum
1107 1442 1179 1505 suis
1197 1462 1311 1506 acces·

360 1543 406 1606 sit
416 1542 460 1606 ad
475 1540 661 1605 marchiam
680 1540 806 1604 Scotiae
823 1565 832 1614 ;
852 1539 900 1603 ibi
913 1542 1113 1605 morabatur
1125 1562 1186 1624 per
1199 1548 1310 1606 totam

360 1628 505 1705 hiemem
528 1641 620 1724 apud
650 1637 872 1716 ²Lanrecost,
900 1641 958 1704 ubi
979 1641 1014 1703 in
1042 1640 1132 1705 festo
1148 1641 1312 1706 Translu-

360 1742 465 1805 tionis
480 1741 592 1805 sancti
607 1739 747 1814 Thomas
765 1740 926 1822 martyris
949 1740 992 1803 ab
1007 1739 1072 1803 hac
1088 1740 1166 1804 luce
1182 1742 1311 1822 migra-

360 1841 421 1918 vit,
451 1860 542 1904 anno
573 1839 714 1904 Domini
751 1856 868 1902 mccc.
898 1840 1057 1921 septimo,
1088 1841 1203 1904 aetatis
1235 1861 1310 1906 snae

360 1956 481 2016 cxix,
499 1940 597 2020 regni
614 1959 696 2003 vero
712 1938 765 2003 sui
783 1955 906 2002 xxxv.

196 2044 288 2144 {³221}ss
411 2039 483 2103 Hic
499 2038 689 2103 Edwardus
700 2038 767 2102 fuit
780 2044 940 2101 strenuus
957 2038 992 2100 in
1011 2039 1115 2104 armis
1126 2047 1306 2124 pertotam
1328 2123 1329 2127 Ἰ

359 2138 467 2204 vitam
484 2158 595 2215 suam,
608 2139 645 2203 in
668 2138 760 2203 omni
784 2145 890 2214 statu,
907 2138 997 2202 sicut
1013 2141 1308 2221 exsuperioribus

358 2238 529 2304 chronicis
552 2235 727 2321 colligitur
749 2237 939 2315 evidenter,
967 2238 1052 2302 adeo
1079 2240 1171 2321 quod
1197 2247 1306 2305 totam

358 2338 524 2422 Angliam
542 2339 584 2402 de
605 2357 710 2402 manu
735 2338 894 2421 Symonis
916 2338 959 2401 de
982 2338 1216 2416 Monte-forti,
1239 2341 1306 2422 [et]

358 2440 522 2503 comitum
539 2446 574 2502 et
584 2439 751 2502 baronum
766 2438 875 2501 eidem
891 2437 1034 2522 Symoni
1048 2439 1308 2518 adhaerentium,

359 2539 535 2620 quictiam
553 2557 667 2619 regem
686 2536 877 2600 Henricum
895 2546 1029 2620 patrem
1043 2557 1142 2601 suum
1161 2546 1195 2603 et
1213 2539 1304 2622 seip-

356 2657 435 2701 sum
459 2639 572 2702 tenuit
597 2637 632 2699 in
655 2656 802 2712 carcere,
821 2637 1021 2719 adquisivit,
1043 2638 1133 2702 sicut
1148 2639 1307 2720 superius

357 2738 562 2802 continetur.
601 2736 690 2800 Item
720 2743 826 2800 totam
847 2735 1012 2801 Walliam
1030 2737 1072 2800 de
1087 2757 1193 2801 manu
1210 2737 1306 2803 Lew-

358 2837 438 2900 elini
465 2844 499 2901 et
524 2836 639 2900 David
665 2836 782 2899 fratris
805 2836 892 2917 ejus,
909 2836 992 2901 item
1013 2835 1237 2920 Aquitaniam
1263 2837 1306 2902 de

356 2955 463 3000 manu
482 2937 573 3018 regis
597 2936 765 3000 Franciae.
812 2934 902 3000 Item
921 2937 1073 3001 Scotiam
1090 2938 1156 3000 sibi
1177 2940 1305 3019 saepius

357 3036 572 3120 subjugavit,
595 3036 685 3099 sicut
702 3035 880 3118 superiora
902 3044 1002 3118 gesta
1026 3043 1218 3110 testantur3
1245 3037 1306 3100 sed

355 3144 460 3218 capta
486 3136 604 3200 Scotia
631 3134 819 3217 proditiose
844 3155 906 3217 per
927 3136 1120 3201 Robertum
1145 3137 1177 3200 le
1200 3135 1305 3214 Brus,

355 3243 396 3299 ut
424 3255 530 3317 supra
555 3235 714 3319 proximo
737 3235 890 3317 capitulo
916 3237 1124 3314 continetur,
1140 3236 1215 3318 ipse
1241 3237 1306 3299 ibi-

354 3334 445 3411 dem,
474 3343 514 3398 ut
535 3333 780 3416 praescribitur,
802 3334 893 3398 inter
916 3335 1107 3399 exercitum
1127 3355 1227 3399 suum
1247 3335 1305 3420 ja·

352 3453 435 3497 cens
460 3434 495 3496 in
524 3434 614 3498 lecto
641 3433 774 3509 mortiS,
803 3430 866 3495 ³ex
882 3435 1168 3514 magnanimitate
1191 3436 1304 3500 cordis

349 3532 533 3597 mandavit
561 3540 597 3597 et
618 3532 727 3617 jussit
752 3529 896 3614 ⁴corpus
926 3552 1029 3599 sumn
1056 3533 1105 3597 ihi
1126 3553 1304 3600 remanere

390 3700 398 3734 ¹
418 3704 498 3766 Here,
523 3706 659 3768 according
681 3709 707 3754 to
731 3705 814 3753 Muri-
841 3707 1132 3770 Burgh-on-the-Sands,
1159 3710 1244 3760 where
1270 3711 1303 3762 he

353 3770 447 3824 muth's
468 3775 580 3838 preface,
605 3791 631 3836 p.
652 3781 677 3839 8,
696 3776 737 3824 his
756 3790 814 3823 own
839 3777 920 3835 died.
944 3779 1162 3829 Triv.Ann.413.

353 3842 453 3893 Annals
471 3846 556 3925 begin.
594 3845 669 3906 Hali,
687 3845 814 3925 however,
874 3877 947 3927 „ex
954 3894 1046 3942 magna
1062 3882 1185 3943 gravitate
1197 3877 1204 3900 t
1213 3882 1294 3944 Maga

353 3928 384 3962 on
397 3914 439 3963 the
453 3914 580 3980 authority
592 3915 621 3963 oi
628 3914 671 3964 the
688 3915 813 3976 Cardtgon
1187 3916 1195 3944 ²
1296 3916 1303 3933 ⁸

352 3984 409 4033 MS.
425 3984 522 4046 prefers
544 3984 671 4046 deferring
686 3984 729 4032 the
746 3999 813 4032 com-
874 3979 884 4011 ⁴
903 3981 946 4030 An
957 3981 999 4030 the
1016 3983 1091 4033 MSS.
1107 3990 1197 4045 except
1211 3984 1301 4046 Magri.

351 4059 506 4103 mencernent
514 4059 539 4101 to
548 4054 590 4102 the
601 4053 731 4115 following
742 4068 811 4114 year.
838 4051 898 4100 here
915 4053 994 4100 insert
1014 4054 1078 4102 ‘ut’
1114 4054 1177 4102 Hall
1199 4053 1245 4102 has
1263 4068 1302 4102 re-

386 4120 397 4154 ²
412 4124 469 4173 0ur
479 4123 570 4172 author
580 4123 626 4172 has
637 4124 696 4172 here
708 4124 811 4172 omitted
838 4121 924 4170 tained
934 4122 955 4169 it
963 4122 989 4169 in
1000 4121 1040 4171 his
1050 4126 1112 4184 text,
1119 4124 1166 4172 but
1175 4138 1300 4185 approves

350 4198 376 4241 to
393 4195 475 4242 notice
495 4190 632 4242 Edward's
651 4193 764 4242 advance
786 4198 811 4242 to
837 4192 865 4240 of
872 4191 906 4240 its
916 4192 992 4253 being
1002 4193 1114 4241 omitted.
