2902 4884
325 395 391 459 134
675 411 710 458 Α.
731 409 948 459 uuaruura.

165 586 292 638 Exacuunt
329 569 488 633 comitem
522 569 702 645 Deveniae,
735 577 770 632 et
798 569 962 633 baronem
989 568 1032 632 de
1057 564 1224 643 Stafford,
1253 574 1289 630 et

164 638 265 738 {iffi-¹¹⁸
329 670 503 733 dominum
519 668 732 734 Willelmum
755 669 798 732 de
816 667 995 751 Kellesby,
1017 687 1096 732 cum
1118 667 1288 750 quingen-

330 771 374 835 tis
389 771 531 834 armatis
549 777 584 835 et
600 770 693 834 mille
717 770 921 851 sagittariis,
936 769 972 832 in
995 767 1227 844 Britanniam,
1253 766 1288 830 in

331 871 538 954 adjutorium
548 871 732 935 comitissae
747 870 932 952 praedictam
949 870 1009 951 qui
1019 868 1160 933 fuerunt
1173 866 1289 951 parati

331 971 424 1054 apud
448 970 672 1035 Portesmuth
699 990 778 1034 cum
799 970 910 1034 classe
931 969 1064 1033 boreali
1087 975 1124 1033 et
1142 966 1290 1032 australi

332 1074 368 1135 in
403 1072 523 1153 vigilia
554 1071 666 1136 sancti
699 1070 889 1148 Laurentii,
914 1078 1054 1136 ventum
1085 1086 1290 1152 prosperum

333 1180 570 1253 expectantes,
586 1178 621 1236 et
644 1172 680 1235 in
696 1172 814 1253 vigilia
835 1168 1094 1253 Assumptionis
1112 1168 1290 1252 sequentis

334 1273 499 1354 navigare
524 1279 713 1354 coepernnt.
766 1269 847 1350 Quo
865 1271 920 1335 dia
934 1269 1198 1352 Assumptionis
1223 1288 1287 1333 rex

334 1372 474 1454 Angliae
497 1373 534 1435 in
552 1373 637 1437 turri
655 1372 911 1436 Londoniarum
936 1370 1017 1436 fecit
1036 1370 1181 1453 nuptias
1201 1368 1289 1434 cele·

335 1475 428 1537 brari
444 1474 535 1538 inter
557 1472 763 1549 Lionellum,
778 1472 885 1535 filium
901 1469 1070 1551 ¹tertium,
1094 1477 1129 1535 et
1154 1469 1288 1553 Isabel·

335 1574 417 1650 lam,
434 1574 541 1637 filiam
563 1581 598 1637 et
622 1573 791 1637 haeredem
812 1571 947 1637 comitis
975 1571 1128 1635 Ultoniaa
1155 1571 1201 1635 de
1223 1568 1289 1634 Hi·

334 1675 466 1750 bernia,
484 1674 653 1737 decimum
671 1673 785 1738 aetatis
800 1693 872 1737 suaa
889 1689 1016 1736 annum
1036 1680 1224 1754 agentem:
1247 1670 1290 1735 ad

336 1794 423 1858 quas
440 1775 580 1856 nuptias
598 1781 766 1838 venerunt
790 1780 861 1838 tres
886 1773 1011 1836 fratres
1034 1772 1292 1855 praedicatores,

336 1875 431 1938 missi
461 1893 521 1956 per
552 1875 639 1938 duos
668 1874 873 1950 cardinales,
900 1873 1033 1938 scilicet
1057 1892 1119 1954 per
1146 1871 1290 1939 Petrum

337 1975 536 2057 episcopum
574 1973 828 2051 Penestrinum‚
857 1980 894 2038 et
935 1971 1155 2050 Ambaldum,
1185 1992 1291 2056 prope

337 2074 523 2138 marchiam
555 2074 728 2138 Flandriae
752 2080 1014 2152 commoranteS,
1042 2073 1086 2136 ad
1117 2072 1291 2137 habendas

338 2175 457 2239 literas
480 2175 595 2257 regias
619 2195 681 2258 pro
703 2194 741 2238 se
766 2182 802 2238 et
823 2174 979 2238 ducentis
1005 2173 1226 2256 equitaturis
1247 2173 1289 2237 ad

339 2276 585 2339 transeundum
618 2295 724 2353 mare,
754 2284 789 2339 et
817 2274 956 2356 Angliae
978 2294 1121 2355 regnum
1147 2274 1291 2352 intrare,

340 2384 374 2440 et
397 2376 441 2440 ad
464 2376 682 2440 tractandum
705 2395 782 2438 cum
811 2395 891 2455 rege
914 2374 956 2438 de
978 2394 1063 2457 pace
1083 2374 1140 2439 vel
1157 2382 1292 2456 treuga.

341 2476 388 2539 Et
412 2477 532 2541 statim
568 2496 630 2539 rex
660 2476 754 2539 misit
780 2495 842 2558 pro
870 2474 1142 2557 archiepiscopo,
1165 2474 1212 2539 ad
1233 2475 1291 2539 da·

340 2575 551 2639 liberandum
577 2596 655 2639 cum
678 2596 719 2639 eo
740 2576 783 2639 de
803 2575 962 2653 diversis,
980 2582 1015 2639 et
1036 2582 1150 2639 utrum
1176 2581 1293 2639 essent

262 2672 265 2677 ’
340 2675 537 2757 hujusmodi
565 2675 674 2739 literae
703 2675 942 2740 concedendae.
1006 2676 1052 2739 Et
1083 2675 1205 2739 habita
1232 2673 1290 2739 de·

340 2775 543 2839 liberatione
591 2775 734 2839 duorum
783 2776 926 2852 dierum,
950 2775 1156 2858 respondit,
1201 2774 1292 2858 quod

340 2875 415 2958 ipse
453 2896 516 2940 rex
545 2876 656 2941 voluit
687 2895 827 2959 parcere
861 2876 1014 2957 ipsorum
1048 2876 1227 2940 laboribus
1257 2882 1293 2940 et

340 2977 513 3059 expensiS,
530 2996 570 3041 aa
596 2976 685 3040 infra
709 2995 839 3059 paucos
857 2974 929 3038 dies
953 2975 989 3038 in
1004 2995 1112 3057 regno
1132 2974 1291 3041 Francioe

340 3077 464 3140 habere
489 3076 697 3159 colloquium
723 3096 802 3140 cum
826 3076 977 3154 eisdem3
1001 3077 1192 3157 praesertim
1216 3095 1292 3141 cnm

339 3177 398 3241 diu
422 3183 503 3241 ante
527 3178 711 3241 adventum
745 3176 912 3240 dictorum
936 3175 1081 3239 fratrum
1113 3176 1159 3239 ad
1181 3184 1293 3241 trans·

341 3277 490 3340 eundum
520 3278 556 3340 in
578 3276 761 3341 Franciam
791 3296 827 3340 se
857 3285 1027 3358 parasset,
1051 3295 1153 3358 quem
1181 3282 1294 3341 trans·

339 3377 426 3440 itum
461 3396 530 3439 non
566 3376 679 3458 potnit
711 3376 954 3458 praedictorum
982 3376 1207 3440 cardinalium
1234 3396 1295 3441 ex·

341 3476 537 3558 pectatione
554 3475 697 3538 differre.

393 3574 479 3640 Post
516 3577 707 3659 praemissa,
733 3575 826 3640 circa
856 3585 998 3642 octavas
1022 3575 1295 3660 Assumptionis,

341 3682 509 3739 venerunt
537 3685 653 3740 nautae
684 3686 719 3741 et
744 3677 867 3754 literae,
903 3679 1018 3741 missae
1050 3677 1189 3741 domino
1224 3679 1296 3760 regi

341 3796 402 3859 per
419 3777 576 3840 comitem
598 3776 900 3860 Northamptoniaa
932 3788 967 3841 et
993 3777 1147 3859 collegas
1173 3778 1294 3860 ipsius,

341 3878 517 3961 inquibus
540 3877 792 3954 continebatur,
808 3877 899 3961 quod
921 3885 996 3941 tota
1021 3876 1140 3940 classis
1164 3898 1295 3956 eorum,
1320 3869 1322 3873 ⁷

340 3998 417 4059 quae
446 3979 644 4042 continebat
667 3978 833 4041 ducentas
858 3978 1044 4059 sexaginta
1069 3997 1177 4042 naves
1206 3998 1295 4062 prae-

692 4183 699 4216 ¹
718 4186 851 4248 ‘tenuem'
863 4188 921 4237 MS.
