2902 4884
536 417 757 466 canonicor.
782 418 783 422 ¹
1060 390 1124 462 133

171 575 311 638 vacavit
332 575 430 639 sedes
453 575 645 657 apostolica
662 576 782 639 diebus
804 575 978 640 tredecim.
1032 573 1122 654 ¹Cui,
1136 585 1278 677 &3222th

171 681 273 738 sexto
291 675 345 738 die
364 677 490 739 mensis
505 675 593 740 Maii
616 677 805 759 sequentia,
822 677 888 741 fuit
904 677 1033 741 electus
1049 697 1124 740 car-

169 773 296 839 dinalis
319 775 638 858 RothomagensiS,²
662 778 721 859 qui
743 776 808 841 suit
834 778 972 841 natione
999 776 1123 841 Lemo-

171 875 332 952 vicensis,
349 877 536 941 monachus
559 876 688 940 ordinis
709 877 821 941 sancti
846 878 1037 954 Benedicti,
1053 897 1124 941 ma-

172 975 281 1055 gister
296 975 478 1060 theologiae
495 987 529 1041 et
546 977 753 1059 praedicator
771 977 945 1055 solemnia,
962 984 997 1041 et
1015 979 1123 1041 abbas

174 1074 435 1141 Fescamnensis
461 1078 495 1141 in
516 1076 742 1155 Normannia,
763 1095 804 1142 ac
828 1078 1044 1161 postmodum
1068 1082 1131 1140 ar?

171 1173 409 1260 chiepiscopus
453 1177 758 1259 Rothomagensis,
798 1184 833 1242 et
872 1180 1124 1262 subsequenter

171 1275 357 1340 cardinalis
376 1278 477 1342 titulo
492 1285 689 1343 sanctorum
707 1278 825 1358 Nerei
839 1287 874 1343 et
897 1277 1070 1356 Achillaei,
1087 1286 1122 1342 et

172 1375 308 1440 demum
329 1378 421 1442 dicto
444 1378 500 1442 die
522 1386 623 1442 sexto
649 1378 736 1442 Maii
761 1378 975 1442 concorditer
993 1379 1123 1443 electus

171 1477 207 1540 in
224 1496 362 1560 papam,
380 1479 439 1562 qui
461 1499 498 1543 se
523 1478 605 1542 fecit
628 1477 839 1542 Clementem
860 1488 997 1543 sextum
1015 1479 1124 1543 nomi-

171 1577 260 1655 nari,
283 1580 375 1642 etin
401 1580 456 1643 die
481 1579 703 1644 Pentecostes
725 1579 900 1661 sequentis
926 1580 1125 1643 solemniter

172 1680 342 1743 coronari.
395 1679 465 1757 Qui
487 1681 592 1743 etiam
609 1679 770 1744 vicesimo
796 1685 898 1743 sexto
923 1679 979 1742 die
997 1680 1124 1743 mensis

173 1778 197 1842 J
202 1778 273 1842 unii
288 1785 372 1844 tunc
388 1787 553 1862 sequente
570 1779 720 1863 providit
740 1780 894 1844 ecclesiae
914 1779 1125 1844 Eboracensi

172 1880 216 1943 de
238 1880 405 1961 magistro
435 1880 611 1944 Willelmo
645 1881 678 1944 le
711 1880 864 1958 Zouche,
890 1881 926 1944 in
952 1880 1125 1943 discordia

174 1978 311 2056 elccto,³
334 1981 394 2044 sed
426 1987 569 2063 propter
602 1981 866 2064 resignationem
906 1989 1124 2064 praetensam,

175 2086 215 2144 ut
233 2080 465 2163 praemittitur,
481 2081 610 2145 diutius
625 2082 802 2165 impedito.

225 2181 306 2245 Hoc
328 2198 419 2246 anno
440 2183 598 2246 dominus
620 2182 799 2247 Walterus
821 2181 864 2245 do
887 2182 1033 2264 Manny,
1047 2201 1123 2245 cum
1138 2199 1265 2248 expeditur

1137 2250 1183 2289 into
1196 2249 1280 2289 Britan-

172 2283 358 2364 sexaginta
368 2283 552 2347 armatiset
562 2281 1127 2365 ducentissagittariiS‚delicentia
1137 2310 1166 2349 ny
1178 2301 1247 2339 unae

170 2383 262 2464 regis
285 2382 320 2445 in
347 2383 561 2448 Britanniam
587 2382 836 2458 transfretavit,
854 2383 889 2445 in
914 2381 1124 2466 adjutorium
1137 2349 1258 2450 ἶῖἶῖιῗὶᾱθ

171 2480 386 2560 ⁴comitissae‚
405 2504 483 2567 quae
498 2483 619 2547 habuit
636 2503 796 2565 guerram
814 2489 935 2547 contra
950 2482 1125 2545 dominum

176 2583 346 2647 Karolum
361 2584 404 2649 de
420 2584 528 2667 Bloys
545 2591 579 2647 et
600 2584 774 2648 dominum
797 2584 839 2647 de
855 2577 1037 2666 ⁵Lyouns3
1066 2583 1125 2646 ubi

174 2685 242 2749 tria
272 2692 387 2748 castra
419 2683 618 2767 adquisivit,
649 2690 685 2748 et
717 2685 845 2748 dictum
876 2683 1051 2748 dominum
1071 2682 1125 2745 ‘de'
1200 2675 1208 2690 '

174 2783 328 2867 Lyouns,
344 2804 421 2849 cum
436 2785 514 2849 aliis
528 2784 733 2867 quibusdam
746 2784 929 2861 nobilibus
945 2784 1047 2867 cepit.
1079 2782 1126 2847 Et

174 2890 277 2968 capta
301 2893 423 2967 treuga
444 2905 520 2948 cum
539 2885 631 2949 dieto
650 2884 784 2950 Karolo
801 2886 912 2967 usque
929 2885 973 2948 ad
999 2884 1125 2961 festum

174 2985 338 3049 >Omnium
371 2986 588 3060 Sanctorum,
615 2986 679 3049 sub
705 2985 900 3049 conditione
920 2985 950 3046 si
975 2983 1127 3067 placeret

175 3086 251 3167 regi
275 3083 425 3167 Angliae,
452 3086 544 3149 circa
571 3085 696 3149 festum
732 3084 986 3149 Translationis
1013 3083 1126 3145 sancti

175 3186 320 3251 Thomae
347 3185 438 3249 idem
458 3185 615 3249 dominus
635 3185 813 3249 Walterus
831 3185 867 3247 in
884 3182 1048 3265 Angliam
1076 3202 1128 3246 re-

176 3286 253 3364 diit,
282 3293 317 3351 et
348 3287 522 3350 dominum
555 3286 597 3349 de
629 3285 769 3368 Lyouns
792 3293 827 3349 et
856 3285 1013 3367 captivos
1042 3283 1128 3347 alios

175 3406 290 3451 secum
305 3386 417 3451 duxit.

227 3487 274 3551 Et
291 3487 373 3569 quia
398 3494 521 3567 treuga
539 3487 611 3568 regi
632 3485 768 3568 Angliae
792 3506 861 3550 non
880 3484 1022 3570 placuit,
1037 3485 1127 3549 idem
1141 3498 1293 3538 Amadu-

176 3607 240 3652 rex
269 3588 442 3651 ordinavit
465 3588 600 3651 mittere
629 3588 786 3651 comitem
818 3549 1243 3668 Northampt0n1ae‚¹'⁰‘¹¹‘¹⁰¹¹'

210 3799 219 3844 -¹
238 3801 325 3858 ‘Qun’
337 3801 397 3852 MS.
699 3798 709 3827 ⁴
726 3801 744 3850 i.
753 3800 859 3860 edane,
871 3803 988 3848 countess
1003 3799 1032 3847 of
1046 3800 1130 3847 Mont-

210 3869 222 3900 ²
237 3873 289 3922 His
301 3885 440 3920 pamerras
452 3871 528 3920 Peter
539 3870 631 3933 Roget.
664 3870 722 3933 fort,
740 3872 814 3920 sister
834 3875 859 3918 to
878 3870 920 3918 the
940 3869 993 3918 eorl
1011 3869 1040 3917 of
1056 3870 1131 3918 Flan-

210 3941 279 3993 ⁸‘et
302 3943 417 3992 ecclesiae
440 3941 578 3989 Lincolniae
607 3941 639 3989 de
666 3941 732 3991 ders.
769 3940 817 3990 See
829 3940 963 4002 Froissart,
973 3955 995 3988 c.
1008 3943 1048 3989 79.

175 4015 296 4077 magistro
313 4012 409 4060 Thoma
438 4013 470 4060 de
488 4010 546 4059 Bek
569 4011 640 4072 prius

176 4084 332 4135 concorditer
350 4082 395 4132 sed
413 4086 515 4144 propter
530 4095 641 4130 reserva·
706 4078 716 4107 ⁵
741 4081 776 4130 At
794 4081 849 4129 that
865 4081 923 4130 time
941 4080 1010 4128 duke
1031 4080 1060 4128 os
1074 4079 1131 4127 Bri·

175 4159 268 4205 tionem
291 4154 460 4215 praetensam,'
482 4158 540 4214 ete,
566 4153 641 4212 Nero,
667 4156 753 4212 tanny.

176 4227 244 4276 D.x.
