2902 4884
514 423 518 426 ,
535 378 756 427 onnonloon.
1057 363 1123 431 125

170 539 214 602 ad
228 536 513 628 supplicationem
528 515 730 604 nunciorum
742 545 948 617 vestrorum,
960 538 1122 604 duximus
1136 555 1241 598 manau

170 640 402 718 annuendum,
419 647 454 704 et
472 640 667 706 condictum
692 647 746 704 est
759 659 870 724 super
889 641 954 705 boc
974 641 1066 723 quod
1087 640 1123 704 in
1134 609 1230 699 llllll

171 739 260 815 festo
276 741 388 805 sancti
402 740 510 817 Petri,
527 741 619 824 quod
637 741 763 805 dicitur
778 740 838 804 ‘ad
854 738 1027 819 Vincula,’
1042 761 1126 806 cona

170 842 309 905 uenient
328 840 421 924 apud
439 839 649 923 Auntoygne
668 861 776 923 prope
790 840 988 906 Tornacum
1004 861 1124 924 procu-

171 948 304 1006 ratores
335 960 397 1004 seu
420 941 627 1006 mediatores
659 941 754 1024 pacis
777 961 823 1006 ex
846 948 994 1024 utraque
1013 951 1127 1025 parte,

171 1042 216 1105 ad
232 1041 569 1124 tractandumsupcr
580 1041 679 1106 dicta
694 1061 791 1124 pace,
804 1062 867 1126 per
883 1043 955 1106 Du1
975 1042 1124 1124 gratiam

171 1141 398 1218 reformanda,
410 1161 514 1225 quam
529 1162 665 1225 semper
684 1151 849 1226 quantum
868 1143 984 1209 decuit
1000 1145 1126 1226 quaesi÷

172 1243 297 1321 vimuS,
320 1250 355 1309 et
372 1243 485 1325 parati
505 1261 635 1321 sumuS,
654 1263 732 1307 cum
754 1262 830 1308 eam
854 1243 980 1310 habere
997 1245 1126 1328 poteri·

172 1361 249 1406 mus
275 1343 527 1421 rationabilem,
555 1350 757 1427 acceptare3
794 1352 829 1409 et
852 1345 952 1410 valde
974 1345 1127 1427 placeret

173 1444 284 1523 nobis,
308 1451 342 1507 et
364 1444 522 1521 multum,
540 1451 580 1508 ut
600 1463 791 1526 speramuS,
813 1444 978 1529 adjiceret
1000 1446 1043 1510 ad
1067 1466 1126 1528 pa-

174 1565 260 1622 cem,
283 1545 315 1610 si
337 1545 450 1610 nuntii
471 1545 576 1610 vestri
600 1544 671 1607 illic
701 1545 907 1609 mediatores
928 1546 1126 1610 amicabiles

172 1645 389 1710 interessent.
438 1643 628 1726 ¹[Vestrae]
661 1643 764 1709 etiam
793 1645 1002 1710 sinceritatis
1025 1647 1128 1711 affec·

177 1754 243 1822 tus,
263 1764 364 1829 quern
391 1745 525 1809 habetis
552 1744 596 1807 ad
619 1744 805 1809 fovendum
831 1745 921 1810 inter
941 1754 1129 1812 vostroset

174 1852 312 1911 nostros
329 1846 484 1927 subditos
501 1845 695 1909 dilectionis
712 1853 747 1910 et
767 1847 1015 1911 communionis
1032 1848 1128 1930 paci-

174 1945 238 2011 fico
254 1945 518 2024 firmamentum,
533 1946 640 2009 nobis
673 1945 857 2011 admodum
882 1957 935 2010 est
954 1955 1129 2030 acceptus.

176 2045 270 2110 Nam
292 2048 389 2111 novit
416 2046 518 2110 Duos
536 2048 628 2129 quod
647 2047 738 2112 inter
766 2055 881 2111 cetera
897 2047 1046 2113 corditer
1067 2067 1129 2131 ap-

174 2147 336 2230 petimus,
361 2154 400 2211 ut
429 2146 584 2211 secundae
609 2147 802 2212 dilectionis
832 2148 1025 2230 integritas
1050 2168 1129 2231 quae

174 2247 265 2312 inter
296 2248 416 2312 domos
443 2253 580 2312 nostras
614 2249 729 2331 regias
758 2248 869 2329 viguit
900 2249 943 2311 ab
969 2248 1127 2330 antiquo,

176 2347 301 2412 vestris
322 2347 500 2430 suscipiat
527 2349 740 2430 temporibus
765 2348 1025 2412 incrementum.
1083 2348 1130 2414 Et

176 2448 290 2513 valde.
302 2449 480 2513 turbamur
502 2448 642 2531 quando
667 2448 792 2512 damna
815 2448 870 2513 vel
890 2448 1026 2533 injuriae
1052 2450 1131 2513 sub·

176 2549 258 2614 ditis
294 2547 417 2614 vestris
453 2567 515 2631 per
551 2556 688 2613 nostros
714 2549 885 2614 subditos
911 2549 1129 2627 inferuntur,

176 2668 254 2713 cum
272 2655 405 2728 vestros
425 2649 520 2714 velut
546 2656 683 2723 nostros
708 2650 856 2714 civiliter
880 2658 915 2714 et
937 2650 1133 2715 amabiliter

178 2755 328 2815 tractare
355 2749 523 2815 volumus.
579 2749 679 2814 Unde
699 2749 824 2815 decens
849 2749 940 2814 foret
962 2758 997 2815 et
1023 2771 1131 2834 expe·

177 2849 286 2926 diens,
305 2848 408 2931 quod,
431 2849 474 2913 de
491 2851 542 2914 sic
567 2850 749 2914 inferendis
767 2850 899 2913 damnis
923 2855 958 2913 et
982 2851 1130 2936 injuriis,

176 2948 332 3033 poenales
348 2956 397 3014 ‚et
430 2949 597 3016 districtae
631 2950 850 3015 inhibitiones
883 2949 1003 3014 fierent
1030 2952 1131 3015 dictis

176 3049 322 3114 subditis
346 3047 426 3114 hinc
453 3057 489 3114 et
505 3051 607 3127 inde,
624 3069 702 3113 cum
733 3050 927 3135 adjectione
955 3051 1131 3133 praecepti,

177 3150 269 3232 quod
285 3156 407 3215 mutuo
425 3152 717 3231 communicarent
732 3151 885 3234 pacifice,
902 3158 937 3215 et
954 3152 990 3214 in
1007 3172 1133 3234 oppor-

177 3250 385 3315 tunitatibus
402 3270 440 3316 se
456 3251 739 3316 mutuisauxiliis
762 3252 1015 3335 praevenirent3
1039 3252 1132 3335 quod

177 3349 404 3414 libentissime
421 3360 582 3434 exparte
604 3358 725 3416 nostra
740 3352 812 3416 fieri
831 3351 1008 3429 faciemus
1025 3351 1054 3415 si
1070 3372 1132 3416 vo·

177 3451 231 3514 bis
249 3450 360 3514 facere
375 3450 543 3534 placuerit
554 3451 762 3531 illudidem3
782 3470 887 3534 supra
902 3471 971 3535 quo
981 3460 1131 3518 vestram

177 3550 339 3615 festinam
357 3559 392 3615 et
407 3552 588 3616 amabilem
601 3551 700 3616 nobis
719 3552 811 3616 mitti
829 3553 977 3635 petimus
989 3573 1132 3637 respon·

177 3669 307 3729 suram,
326 3658 361 3716 et
381 3651 562 3729 invenietis
581 3652 624 3717 ad
647 3651 725 3730 hoc,
740 3658 775 3716 et
801 3651 870 3716 alia
896 3660 1011 3718 vestra
1032 3654 1131 3718 bene-

176 3751 321 3836 placita,
339 3771 383 3816 ex
398 3753 512 3816 animo
529 3772 592 3828 nos
606 3760 761 3835 paratos.

222 3851 328 3917 ‘Dat
341 3853 432 3935 apud
450 3853 571 3917 turrim
586 3853 757 3918 Londonii
773 3868 843 3917 xli.
855 3852 909 3916 die
924 3851 947 3916 J
951 3853 1024 3920 unii
1041 3871 1133 3916 anno

177 3952 277 4036 regni
310 3953 419 4017 nostri
450 3952 588 4034 Angliae
603 3952 884 4037 quintodecimo,
918 3953 1016 4034 regni
1043 3971 1133 4018 uero

178 4052 290 4118 nostri
308 4052 465 4118 Franciae
482 4053 656 4119 secundo'

550 4203 556 4237 ¹
567 4207 582 4276 .‘
593 4207 688 4273 Prius,'
701 4206 762 4256 MS.
