2902 4884
326 365 369 428 84
666 383 701 428 Α.
721 380 936 428 nnnrnurn.

327 538 451 600 comite
461 536 689 615 Warrenniae,
704 544 739 601 et
755 537 853 600 multi
873 537 932 600 alii
946 536 1089 611 nobiles,
1100 555 1162 617 per
1169 554 1278 598 ,unum

327 637 472 700 milliare
488 643 588 701 extra
614 637 820 701 Londonias.
872 636 938 700 Sed
968 656 1028 699 rex
1049 635 1204 699 obviavit
1227 636 1276 698 eis

327 738 361 800 in
388 738 477 801 ostio
505 737 645 800 minoris
672 738 760 801 aulae
789 757 861 800 suae
882 735 1278 811 Westmonasteriensis‚

328 845 363 900 et
382 837 575 900 introduxit
603 838 638 900 in
657 836 838 901 Cameram
855 837 1003 912 Pictam,
1021 836 1079 898 ubi
1099 835 1277 916 negotium

328 957 391 1019 pro
416 957 483 1019 quo
500 945 666 1001 venerant
689 939 919 1020 exponebant.
974 935 1109 1015 Quibus
1137 934 1278 1012 auditis»,

329 1036 486 1099 dominus
522 1056 584 1100 rex
617 1035 627 1068 ¹
634 1036 740 1120 jussit
783 1037 965 1101 convocari
1012 1035 1276 1117 parliamentum

328 1155 429 1197 suum
452 1136 494 1199 ad
523 1136 709 1199 crastinum
734 1134 989 1200 Purificationis
1019 1135 1207 1218 sequentis
1231 1134 1275 1197 ad

328 1234 546 1299 tractandum
592 1244 626 1298 et
662 1236 906 1300 consulendum
944 1255 1048 1318 super
1079 1235 1278 1318 hujusmodi

328 1336 480 1415 negotio,
503 1345 538 1399 et
560 1334 602 1398 ad
620 1335 874 1399 deliberandum
894 1336 1103 1418 superbona
1132 1353 1277 1416 respon·

327 1435 422 1497 sione
437 1434 551 1498 danda
575 1435 712 1498 eisdem.
765 1435 832 1499 Sed
856 1437 1000 1518 ipsemet
1017 1434 1129 1499 tenuit
1146 1433 1278 1498 Natale

327 1554 428 1597 suum
450 1534 541 1617 apud
559 1533 762 1612 Guldeford,
788 1543 823 1600 et
844 1535 934 1599 infra
959 1543 1038 1599 octo
1064 1535 1137 1598 dies
1154 1554 1278 1598 versus

328 1633 480 1698 Scotiam
504 1636 649 1717 arripuit
674 1636 740 1698 iter
757 1655 868 1699 suum.
922 1633 992 1713 Qui
1009 1635 1146 1717 quidem
1163 1635 1277 1697 cardi·

328 1734 425 1798 nales
454 1735 628 1798 habebant
660 1743 867 1816 potestatem
901 1734 1086 1818 recipiendi
1114 1754 1279 1816 procura·

327 1834 455 1897 tionem
489 1841 633 1909 tantam,
664 1843 831 1917 quantam
863 1855 953 1898 unus
988 1834 1185 1911 cardinalis
1217 1835 1279 1917 qui

327 1933 406 2015 plus
434 1942 620 2016 receperat,
644 1935 697 1998 vel
727 1936 877 2017 recipere
901 1935 1098 2012 consuevit3
1123 1953 1186 1997 nec
1212 1933 1279 1998 fuit

327 2032 503 2096 inventum
520 2034 556 2096 in
580 2034 753 2117 aliquibus
771 2033 983 2117 ²scripturis,
1008 2035 1099 2117 quod
1124 2033 1193 2096 duo
1210 2054 1277 2097 un·

328 2151 431 2213 quam
458 2141 660 2215 receperunt
687 2135 751 2197 nisi
776 2133 867 2198 ³tres
892 2134 1051 2198 denarios
1079 2134 1121 2196 de
1148 2153 1276 2212 marca,

328 2239 363 2294 et
388 2232 437 2295 sic
464 2233 514 2296 illi
541 2233 610 2296 duo
639 2253 707 2297 non
736 2234 898 2298 deberent
925 2235 1075 2317 recipere
1105 2234 1170 2296 uisi
1201 2254 1277 2316 por-

328 2332 456 2395 tionem
489 2334 601 2408 unius,
629 2333 799 2409 videlicet,
828 2335 913 2398 duos
941 2335 1100 2398 denarios
1128 2341 1276 2399 tantum.

230 2418 233 2424 ¹
329 2429 396 2494 Sed
413 2432 492 2514 ipsi,
512 2452 605 2496 more
620 2433 732 2496 solitae
749 2434 949 2516 cupiditatis
968 2433 1148 2508 Romanae,
1166 2433 1277 2515 primo

327 2531 514 2595 voluerunt
533 2532 574 2596 de
592 2552 708 2596 marca
730 2541 810 2597 octo
830 2534 989 2597 denarios
1006 2534 1188 2612 habuisse;
1217 2535 1275 2598 sed

328 2629 478 2694 finaliter
499 2630 541 2694 de
557 2651 673 2695 marca
694 2630 866 2716 ⁴quatu0r
889 2633 1048 2698 denarios
1072 2633 1276 2713 habueruut,

328 2737 470 2811 propter
496 2731 654 2795 inertiam
682 2733 903 2814 praelatorum
933 2734 1083 2796 omnium
1117 2733 1188 2797 fere
1216 2755 1277 2816 per

328 2830 443 2893 sedem
481 2833 707 2912 apostolicam
741 2840 934 2897 creatorum
973 2852 1042 2896 uon
1079 2833 1278 2899 audentium

329 2930 574 3010 contradicere,
591 2932 646 2997 vel
671 2932 800 2995 clerum
827 2934 872 2997 ab
894 2933 1028 3016 injuriis
1054 2941 1089 2996 et
1106 2935 1278 3016 oppressi-

329 3030 452 3095 onibus
467 3031 655 3096 defensare.

164 3154 317 3204 mariamne
380 3129 482 3209 Item,
507 3131 545 3194 iu
575 3134 723 3215 quodam
748 3134 976 3216 parliamento
1003 3142 1082 3216 post
1110 3135 1276 3200 Purifica-

164 3206 258 3298 iiffril.
328 3229 468 3308 tionem,
514 3251 603 3295 anno
639 3234 736 3313 regni
769 3235 823 3297 sui
854 3234 1055 3298 duodecimo
1089 3234 1277 3300 Londoniis

328 3330 513 3406 celebrato,
539 3331 605 3394 fuit
629 3334 701 3413 regi
731 3353 929 3397 concessum
958 3354 1019 3416 per
1047 3335 1154 3398 laicos
1184 3337 1277 3417 quod

328 3428 469 3492 haberet
492 3430 709 3495 medietatem
738 3434 827 3496 lanae
852 3453 913 3516 per
930 3440 1041 3498 totum
1070 3455 1213 3516 regnum
1243 3438 1277 3500 in

327 3535 449 3591 aestate
466 3528 595 3606 futura,
611 3550 713 3612 quam
740 3528 943 3616 et⁵recepit
964 3534 1007 3596 ab
1030 3535 1149 3598 invitis
1177 3536 1275 3601 laicis

327 3636 362 3692 et
377 3628 522 3706 clericiS,
534 3631 658 3713 quibus
675 3632 760 3696 nihil
777 3623 915 3713 ⁶solvit3
932 3640 967 3696 et
979 3640 1093 3697 tamen
1106 3634 1274 3700 clerieiad

362 3802 370 3834 ¹
387 3801 488 3868 ‘misit'
502 3807 700 3868 Reg.A.xv111.
813 3810 894 3859 retain
916 3810 1039 3871 severally
1060 3809 1201 3871 ‘quatuor'
1226 3815 1275 3862 and

359 3871 551 3937 ²‘scripturis'
577 3878 600 3926 is
630 3880 733 3928 omitted
761 3881 788 3927 in
813 3876 900 3929 ‘tres'
944 3880 998 3928 The
1019 3885 1129 3941 context,
1150 3882 1278 3946 however,

326 3945 391 4006 Reg.
404 3946 436 3994 A.
449 3959 523 3996 xvur.
814 3965 896 3999 seems
913 3954 939 3998 to
950 3955 1062 3999 warrant
1078 3950 1120 3999 the
1137 3952 1224 4002 choica
1235 3970 1276 4003 we

358 4013 369 4045 ³
385 4012 467 4065 ‘tres'
479 4017 503 4065 is
519 4017 582 4065 from
596 4019 659 4078 lieg.
668 4018 786 4068 A.xv1u.
813 4020 876 4069 have
888 4021 962 4069 made
974 4021 1001 4069 iu
1012 4020 1054 4068 the
1066 4026 1128 4070 text.

325 4086 391 4133 Cott.
407 4083 446 4134 cl.
460 4086 491 4134 E.
504 4086 551 4135 has
561 4087 569 4115 ‘
578 4089 704 4148 quatuor!
846 4087 856 4116 ⁵
872 4087 1001 4152 ‘ceperit’
1016 4092 1083 4140 cut.
1095 4092 1133 4141 ct.
1146 4093 1178 4140 E.

358 4153 367 4184 ⁴
381 4156 527 4205 CottclAE.
540 4157 589 4206 and
597 4159 660 4218 leeg.
668 4158 701 4208 A.
708 4169 784 4207 xvnr.
845 4155 855 4188 ⁶
871 4155 1015 4223 ‘solutum’
1028 4163 1092 4223 Reg.
1105 4162 1138 4212 A.
1149 4176 1224 4214 xvrn.
