2902 4884
485 391 707 440 onnomcoru
1030 379 1071 442 ll

122 549 367 613 monasterium
398 548 454 613 die
483 549 669 614 Dominica
691 549 727 611 in
748 547 1194 631 'Quinquagesimausora‘
1223 565 1227 569 ·

124 665 193 712 xx.
220 648 276 712 die
301 649 493 727 Februarii,
519 655 593 713 tam
616 649 692 731 ipse
718 668 823 731 quam
850 649 928 730 ipsa
949 621 1164 732 regina¹¹⁸⁸¹⁰¹¹'

123 747 263 812 fuerunt
296 749 452 812 coronati
479 768 541 831 per
566 749 764 830 episcopum
795 747 1072 814 wintoniensem

124 846 316 912 Henricum
334 867 378 911 ex
395 849 634 912 commissione
655 847 785 912 domini
802 848 950 913 Roberti
960 849 1072 913 archi·

122 947 275 1029 episcopi
292 947 559 1012 Cantuariensis.
606 948 653 1012 Et
668 947 769 1011 dictae
791 948 1006 1012 coronationi
1020 950 1072 1013 in·

123 1045 316 1111 terfuerunt
335 1046 493 1125 Carolus,
508 1047 616 1113 frater
632 1048 772 1128 reginae,
790 1047 850 1129 qui
866 1046 933 1111 fuit
949 1056 1072 1130 postea

122 1165 187 1209 rex
219 1147 388 1223 Franciae,
415 1147 487 1211 dux
520 1146 722 1224 Britanniae,
752 1145 927 1211 Henricus
955 1166 1071 1212 comes

124 1243 466 1329 ²Lucemburgensis,
482 1247 541 1329 qui
559 1254 682 1330 postea
704 1246 770 1310 fuit
787 1247 991 1328 imperator:
1009 1247 1071 1311 sed

124 1344 251 1411 Petrus
270 1345 313 1409 de
331 1344 559 1423 Gaverstone‚
581 1346 618 1411 in
640 1345 747 1410 nobili
765 1353 936 1428 apparatu
952 1365 1071 1411 omnes

123 1445 382 1524 transcendens,
398 1445 562 1510 invidiam
586 1452 622 1509 et
641 1445 757 1509 odium
777 1445 930 1509 omnium
955 1447 1071 1510 incur·

123 1546 232 1609 rebat.
284 1544 376 1609 Item
407 1543 615 1622 Lodovious,
647 1543 756 1609 frater
779 1545 872 1627 regis
900 1546 1070 1624 Francise,

123 1644 189 1708 fuit
204 1644 341 1709 ibidem.
388 1643 517 1709 Postea
538 1664 620 1710 vcro
636 1664 698 1726 per
720 1645 896 1727 praelatos
915 1645 1070 1723 comites,
1083 1669 1224 1708 santernam

123 1751 160 1806 et
187 1744 320 1809 nobiles
348 1743 415 1807 fuit
445 1744 480 1806 in
511 1764 581 1808 uno
608 1743 836 1826 parliamento
862 1745 1070 1823 ordinatum,
1082 1720 1232 1760 ⁰¹⁶⁸v⁶¹⁸t⁰²

123 1840 233 1924 ²qu0d
257 1843 370 1911 dictus
391 1843 516 1907 Petrus
539 1844 581 1907 de
605 1843 823 1908 Gaverstone
843 1844 1002 1908 exularet
1027 1845 1070 1908 de

124 1962 233 2024 regno
255 1941 414 2024 Angliae:
441 1963 542 2026 quem
569 1963 632 2006 rex
654 1944 756 2007 duxit
783 1962 892 2026 usque
916 1944 959 2007 ad
977 1944 1070 2008 Bris·
1083 1957 1217 2046 fleumadg

124 2042 268 2120 tulliam,
283 2050 318 2106 et
333 2042 427 2107 misit
442 2062 520 2106 eum
536 2043 573 2106 in
590 2041 807 2120 Hiberniam,
824 2049 859 2106 et
879 2049 987 2108 totam
1005 2045 1071 2107 uti·
1083 2018 1206 2098 ffi'dm

123 2142 259 2206 litatem
286 2135 387 2206 terrae
418 2141 597 2206 Hiberniae
623 2143 815 2224 assignavit
844 2143 974 2217 eidem;
1013 2144 1072 2206 ubi

124 2243 289 2324 regaliter
305 2241 425 2319 ³vixit,
448 2249 483 2306 et
508 2241 575 2305 fuit
593 2243 678 2306 bene
700 2242 866 2306 dilectus:
891 2244 1071 2305 eratenim

124 2341 268 2424 dapsilis
291 2348 327 2406 et
343 2342 462 2424 largus
480 2342 516 2404 in
538 2341 736 2406 muneribus
757 2341 892 2418 dandis,
915 2349 950 2404 et
967 2341 1072 2405 hono·

124 2442 220 2505 ribus
241 2448 275 2505 et
305 2442 418 2515 terris,
451 2442 517 2505 sibi
544 2441 813 2519 adhaerentibus
836 2441 1072 2522 procurandis.

125 2541 208 2606 Hoc
229 2560 320 2604 anno
342 2541 447 2605 etiam
474 2541 567 2605 misit
589 2561 651 2604 rex
666 2559 772 2604 unum
793 2541 955 2604 nuncium
972 2560 1072 2624 papae

119 2660 188 2724 pro
201 2641 403 2704 liberatione
420 2640 668 2723 archiepiscopi
684 2640 842 2718 Roberti,
854 2659 957 2722 quem
973 2648 1074 2722 pater

125 2760 208 2804 suus
244 2741 339 2822 prius
372 2740 571 2823 procuravit
609 2740 836 2822 personaliter
873 2741 992 2804 vocari
1029 2740 1073 2803 ad
1120 2769 1122 2772 >

123 2840 241 2904 sedem
258 2839 496 2921 apostolicam,
520 2847 556 2903 et
575 2859 597 2902 a
616 2840 859 2923 temporalium
880 2847 915 2904 et
931 2840 1074 2921 spiritu·

124 2940 231 3003 alium
247 2938 544 3003 administratione
560 2940 733 3022 suspendi.

125 3160 350 3249 a[osnnrus]
384 3178 691 3226 nscnrsrrscorus
735 3178 861 3225 asnur
887 3178 935 3223 nn
961 3176 1075 3226 cunm

174 3279 340 3326 nonnul.
383 3278 524 3327 onrrua
542 3279 683 3326 carusu
707 3277 853 3325 couran
870 3275 1075 3323 rnurnnnr-

165 3378 269 3426 onuu
295 3377 475 3427 oanrunu.

166 3533 276 3599 Auno
288 3535 429 3599 Dounu
449 3531 802 3617 u.ccc.v111.,⁴[papae
815 3532 1004 3598 Clementis
1022 3523 1075 3595 Va

123 3635 244 3715 tertio]
262 3641 298 3698 et
320 3635 428 3716 ipsius
443 3635 535 3717 regis
558 3634 721 3698 Edwardi
734 3633 897 3709 secundo,
913 3631 1015 3695 rediit
1032 3631 1075 3694 de

162 3855 169 3885 ¹
186 3851 440 3918 ‘Luchaburgensia’
461 3858 528 3907 Coti.
547 3859 585 3906 cl.
613 3858 711 3920 datum,
734 3858 870 3917 exularet,'
901 3857 968 3906 Hor.
992 3861 1074 3917 asam

124 3928 167 3988 E.;
183 3926 420 3989 ‘Luceburgensis,'
437 3926 521 3975 Hull's
532 3928 586 3976 ed:
613 3925 793 3989 ‘exularetur,’
811 3930 876 3976 Cott.
889 3926 928 3974 Cl.
942 3927 975 3976 E.

123 3999 143 4048 i.
149 4012 173 4047 e.
184 3996 371 4058 Luxembourg.
648 3995 659 4025 ³
674 3993 807 4058 ‘vivebat'
822 3993 908 4045 Hall’s
917 3996 955 4043 ed.

160 4064 170 4094 ¹
187 4067 273 4128 ‘quod
289 4066 356 4114 idem
368 4066 400 4115 P.
413 4066 446 4113 de
457 4064 502 4128 G,
513 4080 587 4127 prop·
648 4064 656 4093 ⁴
675 4067 756 4116 These
770 4067 854 4116 words
869 4080 912 4114 are
929 4064 992 4112 from
1007 4062 1075 4111 Har.

122 4141 162 4186 ter
176 4151 252 4187 suum
268 4137 362 4186 malum
382 4136 515 4185 consilium
532 4136 586 4197 regi
613 4139 685 4186 3836.
