2902 4884
525 389 760 440 ‘canonicum
1063 375 1126 439 141

172 549 342 632 recipere;
383 559 418 615 et
445 550 509 615 hoc
545 552 620 615 toto
652 557 804 633 tempore
834 550 1003 615 dictarum
1030 557 1123 615 treu·
1138 567 1244 658 mg

171 669 312 730 garum:
340 661 375 715 et
390 652 426 715 in
450 651 518 714 fine
535 651 703 716 dictarum
721 657 933 733 treugarum,
950 652 1032 715 dicti
1051 672 1123 716 car·
1241 644 1247 656 ’

172 750 305 815 dinales
322 752 402 816 inde
419 752 548 816 faciant
565 752 752 816 secundum
769 752 1105 816 suamvoluntatem.

225 851 350 929 ‘Item,
379 852 470 935 quod
495 872 558 934 pro
581 852 797 915 absolutione
817 852 1123 934 Flammingorum,

173 961 208 1017 et
227 953 399 1017 amotione
423 953 671 1016 sententiarum
688 972 775 1036 quas
794 953 1023 1029 incurrerunt,
1041 952 1124 1017 dicti
1233 1000 1236 1002 ψ

174 1053 365 1116 cardinales
392 1053 539 1117 sollicite
563 1052 719 1116 laborare
746 1053 894 1116 habeant
920 1052 1013 1136 quod
1035 1053 1126 1116 bona

174 1162 209 1217 et
239 1153 355 1217 debita
386 1153 441 1217 via
467 1153 669 1235 reperiatur.
736 1153 839 1230 Item,
876 1153 967 1236 quod
1008 1154 1125 1217 comiti

176 1253 391 1318 Montifortis
414 1259 595 1316 serventur
613 1273 666 1330 ea,
684 1273 761 1336 quae
784 1254 849 1317 sibi
866 1254 1036 1335 promissa
1052 1253 1126 1318 fue-

175 1360 256 1418 runt
285 1362 365 1418 ante
393 1353 568 1417 civitatem
585 1353 833 1431 Nanatensem,
853 1373 914 1417 seu
940 1353 1043 1430 infra,
1066 1373 1126 1436 per

175 1453 348 1517 dominum
387 1454 507 1517 ducem
540 1453 776 1530 Normanniae,
803 1454 845 1516 de
876 1454 999 1536 quibus
1033 1454 1126 1518 licite

175 1556 359 1618 constabit.
404 1554 506 1631 Item,
525 1555 616 1636 quod
634 1555 663 1617 si
680 1553 787 1637 aliqui
805 1552 812 1586 ¹
827 1554 862 1617 in
875 1553 1052 1620 Vasconia
1071 1555 1126 1617 vel

176 1655 271 1732 alibi,
287 1655 490 1726 durantibus
508 1654 609 1718 dictis
631 1655 774 1735 treugiS,
791 1662 953 1718 moveant
967 1674 1127 1735 guerram

177 1756 290 1819 vicino
308 1756 364 1820 vel
389 1755 528 1818 inimico
553 1775 628 1832 suo,
647 1755 789 1818 alterius
812 1754 935 1836 partis·
951 1754 1126 1832 existenti,

177 1855 268 1938 quod
301 1856 384 1919 dicti
416 1873 513 1936 reges
544 1874 580 1918 se
612 1855 828 1938 interponere
859 1857 936 1918 'non
966 1854 1125 1930 habeant,

176 1976 238 2038 per
265 1975 302 2018 se
327 1956 380 2020 vel
405 1975 467 2038 per
493 1954 609 2030 alium,
633 1955 760 2019 directe
783 1956 838 2019 vel
869 1955 1057 2029 indirecte;
1093 1963 1128 2019 et

178 2055 281 2138 quod,
299 2076 360 2138 per
376 2055 454 2133 hoc,
471 2062 602 2137 treugae
628 2056 802 2138 praedictae
820 2076 895 2120 non⁴
911 2056 1126 2138 frangantur.

178 2156 224 2220 Et
246 2157 452 2220 laborabunt
469 2156 566 2231 bene,
593 2156 722 2238 absque
747 2156 877 2230 fraude,
895 2163 930 2219 et
947 2156 1128 2238 diligenter

178 2275 276 2338 reges
306 2256 475 2339 praedicti,
492 2254 601 2339 'quod
631 2257 760 2319 subditi
786 2256 887 2319 unius
919 2256 1028 2339 partis
1059 2276 1128 2319 non

177 2356 306 2420 saciant
344 2375 499 2438 guerras,
537 2355 740 2420 durantibus
779 2355 953 2438 praedictis
986 2355 1129 2437 treugiS,

178 2457 324 2521 subditis
366 2456 508 2521 alterius
550 2455 658 2539 partis
697 2457 732 2519 in
759 2455 935 2544 VasconIa
952 2456 1022 2519 ⁴vel
1051 2456 1129 2519 Bri·

180 2558 309 2622 tannia.

229 2658 354 2735 ‘Item,
377 2658 468 2741 quod
491 2657 618 2735 nullae,
635 2657 694 2741 qui
713 2675 804 2720 nuno
821 2656 867 2720 sit
883 2657 918 2720 in
936 2657 1129 2722 obedientia

178 2759 281 2822 unius
308 2759 429 2842 partiS,
451 2758 677 2840 pendentibus
706 2757 836 2839 treugis
870 2764 987 2840 posset
1013 2758 1129 2823 venire

179 2859 222 2922 ad
258 2859 484 2924 obedientiam
519 2858 660 2936 alterius
695 2857 815 2940 partis,
846 2858 899 2920 cui
937 2877 1020 2922 non¹
1039 2867 1130 2923 esset

178 2960 339 3024 obediens
388 2966 542 3040 tempore
580 2959 671 3022 datae
710 2958 878 3021 dictarum
916 2965 1128 3040 treugarum.

179 3059 282 3138 Item,
307 3059 399 3142 quod
443 3059 527 3122 nulli
558 3078 579 3122 a
610 3058 766 3141 partibus
797 3057 970 3139 praedictis
999 3057 1129 3141 aliquid

178 3160 290 3238 detur,
307 3160 363 3224 vel
382 3160 609 3242 permittatur,
626 3166 665 3231 ut
683 3175 841 3240 guerram
865 3156 966 3220 alteri
982 3164 1127 3234 moveat,

179 3261 307 3325 directe
342 3260 397 3324 vel
427 3259 603 3336 indirecte,
635 3258 839 3323 durantibus
869 3259 1002 3340 treugis
1041 3278 1129 3340 prae-

180 3360 290 3425 dictis.
344 3360 457 3437 Item,
476 3360 567 3443 quod
598 3359 700 3423 dictae
731 3366 861 3440 treugae
888 3366 1069 3423 serventur
1093 3360 1128 3422 in

177 3469 282 3539 terra,
309 3468 345 3524 et
372 3460 407 3523 in
436 3460 535 3536 mari,
558 3480 619 3543 per
635 3466 752 3540 partes
768 3459 962 3542 praedictas.
1027 3459 1129 3537 Item,

178 3562 271 3644 quod
304 3561 405 3625 dictae
440 3567 571 3642 treugae
600 3560 777 3624 firmentur
807 3579 870 3642 per
894 3560 1129 3643 juramentum

177 3662 493 3744 utriusquepartis.
547 3661 651 3737 Item,
668 3659 759 3743 quod
778 3659 879 3724 dictae
897 3667 1029 3741 treugae
1046 3663 1131 3744 pub·

177 3762 375 3826 licabuntur
391 3762 434 3825 ab
458 3768 605 3845 utraque
630 3771 728 3842 parte
750 3760 785 3822 in
810 3760 1019 3824 exercitibus
1041 3759 1130 3824 'utri-

178 3882 288 3944 usque
307 3862 427 3945 partis,
444 3862 561 3925 statim
586 3862 621 3925 in
639 3861 832 3937 Britannia,
850 3860 939 3923 etin
955 3859 1132 3925 Vasconia

178 3962 268 4026 infra
293 3963 485 4045 quindecim
513 3962 598 4039 dies,
616 3971 650 4026 et
677 3961 717 4025 in'
732 3961 895 4024 Flandria
921 3957 1012 4023 infra
1035 3962 1132 4043 quin-

179 4063 289 4128 decim
307 4063 392 4138 dies,
418 4068 454 4127 et
477 4062 513 4125 in
528 4061 659 4145 Anglia
676 4068 711 4126 et
732 4061 768 4124 in
795 4059 913 4125 Scotia
934 4060 969 4123 in
984 4061 1131 4143 quadra·

420 4213 426 4243 ¹
445 4218 615 4281 ‘Vasconiae,'
632 4219 691 4268 Cod.
703 4218 765 4280 Rag.
778 4217 810 4267 A.
821 4227 898 4264 xvur.
