2902 4884
169 1571 257 1610 Edwnrd
271 1573 303 1608 at-

167 1622 227 1660 tacks
243 1622 279 1660 tlte

168 1672 248 1712 French
260 1672 316 1713 fleat.

326 375 389 439 100
672 390 706 437 n.
723 388 938 437 muniuntur.

327 570 452 635 parvas
468 559 501 613 ct
517 569 678 632 magnam
703 558 737 613 ot
757 549 812 613 dic
828 548 850 612 J
855 548 929 612 ovis
956 554 1036 612 ante
1058 546 1185 611 festum
1205 545 1272 611 Na·

328 652 473 716 tivitatis
499 650 669 715 Johanuis
695 651 866 732 Baptistae
900 648 1022 712 habuit
1048 654 1190 711 ventum
1216 648 1277 711 bo-

329 773 422 829 num,
438 759 473 815 et
497 752 626 834 incepit
640 750 785 815 feliciter
802 751 978 831 navigare.
1011 748 1055 812 Et
1072 749 1106 812 in
1132 748 1187 812 die
1206 747 1277 812 Ve-

329 854 417 916 neris
435 855 603 934 sequenti,
621 852 750 916 scilicet
767 852 802 914 in
818 851 938 932 vigilia
960 849 1071 914 sancti
1090 848 1112 912 J
1116 849 1276 926 ohannis,

328 954 415 1017 vidit
443 954 586 1016 classem
615 953 752 1016 navium
782 952 938 1016 Franciae
967 952 1001 1013 in
1037 958 1141 1033 portu
1171 949 1216 1012 de
1243 950 1278 1013 la

328 1053 453 1136 Swyne
479 1062 649 1135 paratam,
675 1060 709 1117 et
727 1052 827 1135 quasi
851 1058 1041 1115 castrorum
1068 1050 1159 1114 acies
1187 1051 1280 1114 ordi-

330 1161 463 1228 natam3
483 1163 517 1217 et
536 1174 596 1236 per
612 1161 719 1216 totam
744 1153 832 1216 diem
852 1152 1065 1228 deliberavit,
1083 1150 1165 1233 quid
1184 1160 1278 1216 esset

329 1254 521 1318 consultius
536 1253 738 1318 laciendum.
763 1253 807 1317 Et
818 1253 853 1315 in
869 1253 957 1317 sesto
972 1252 1082 1317 sancti
1092 1251 1114 1315 J
1118 1251 1277 1328 ohannis,

329 1374 440 1431 mane,
458 1355 579 1419 classis
599 1354 755 1418 Franciae
772 1374 809 1418 se
822 1353 978 1417 dividens
992 1354 1027 1416 iu
1044 1360 1116 1416 tres
1131 1360 1278 1428 turmas

329 1456 438 1518 movit
477 1475 513 1519 se
550 1475 610 1538 per
643 1455 791 1537 spatium
830 1453 931 1517 unius
973 1453 1122 1517 milliarii
1157 1472 1280 1517 versus

329 1556 474 1619 classem
499 1556 589 1637 regis
599 1553 756 1636 Angliae3
786 1555 877 1637 quod
905 1554 1097 1637 percipiens
1124 1573 1187 1617 rex
1206 1551 1279 1618 An-

329 1656 421 1738 gliae,
436 1656 525 1719 dixit
542 1676 609 1720 non
625 1676 701 1720 esse
718 1655 861 1720 ulterius
881 1653 1148 1738 expectandum,
1166 1654 1228 1719 sed
1242 1674 1279 1719 se

329 1763 364 1821 et
393 1777 475 1821 suos
502 1755 545 1820 ad
574 1776 672 1821 arma
699 1757 856 1839 paravit:
893 1757 943 1820 ita
973 1755 1063 1839 quod
1096 1755 1166 1819 cito
1197 1764 1279 1838 post

329 1858 449 1921 horam
467 1877 604 1934 nouam,
619 1877 725 1940 quum
753 1855 873 1921 habuit
887 1863 1027 1920 ventum
1051 1863 1086 1921 et
1108 1856 1218 1920 solem
1234 1855 1278 1920 ad

330 1964 476 2038 tergum,
494 1965 529 2021 et
547 1957 616 2020 vim
638 1957 788 2021 fluminis
813 1977 942 2033 secum,
960 1956 1078 2021 divisit
1100 1957 1278 2038 navigium

329 2077 430 2120 suum
457 2057 615 2121 similiter
633 2057 668 2120 in
692 2065 762 2121 tres
790 2064 934 2135 turmaS,
956 2064 991 2121 et
1010 2057 1155 2121 Francis
1184 2056 1280 2122 dedit

328 2157 514 2237 insultum3
553 2159 613 2222 ubi
651 2158 716 2222 fuit
757 2177 919 2240 magnum
959 2157 1115 2241 praelium
1153 2159 1287 2223 navale-

328 2260 559 2336 commissum,
586 2267 727 2342 propter
744 2258 978 2322 fortitudinem
1009 2266 1044 2323 et
1067 2260 1277 2340 magnitudi-

328 2379 405 2422 nem
436 2361 574 2423 navium
594 2360 776 2441 Hispaniae
799 2367 835 2422 et
862 2359 1019 2423 Franciee
1044 2359 1087 2422 ad
1117 2360 1275 2441 praelium

327 2467 539 2541 paratarum.
592 2457 811 2543 ¹[Finaliter]
828 2467 942 2524 tamen
961 2458 1102 2542 Anglici
1119 2457 1277 2525 Gallicos

328 2558 540 2637 devicerunt,
556 2568 591 2625 et
606 2580 712 2624 naves
734 2561 853 2643 primae
875 2560 1025 2624 cohortis
1049 2559 1278 2639 intraverunt,

329 2659 489 2725 videlicet
504 2681 604 2725 unam
617 2680 777 2742 magnam
793 2681 915 2724 navem
931 2667 1089 2724 vocatam
1107 2660 1278 2725 ‘Sanctus

329 2761 544 2843 Dionysius,’
562 2769 596 2824 ct
610 2762 713 2824 aliam
728 2768 886 2825 vocatam
901 2761 1064 2825 ‘Sanctus
1081 2760 1278 2843 Georgius}

328 2867 364 2923 et
380 2861 466 2925 alias
490 2880 609 2937 naves,
623 2861 783 2925 videlicet
799 2867 808 2895 ‘
823 2857 1078 2939 Christoserus,’
1092 2870 1128 2927 et
1143 2869 1152 2897 ‘
1166 2861 1278 2927 Blake

330 2959 429 3043 Cog,’
453 2982 539 3045 quas
564 2960 691 3025 Gallici
714 2962 886 3044 primitus,
911 2970 949 3027 ut
978 2963 1276 3046 suprascriptum

329 3069 393 3139 est,
411 3062 446 3125 in
470 3071 572 3145 portu
587 3062 630 3126 de
657 3062 782 3144 Swyne
811 3061 929 3126 dolose
956 3073 1130 3145 ceperunt.
1173 3063 1219 3128 Et
1241 3065 1277 3129 in

330 3162 397 3225 isto
434 3163 544 3245 primo
574 3162 736 3227 conflictu
765 3162 903 3226 fuerunt
933 3164 1075 3226 comites
1107 3162 1277 3229 Glouces·

330 3263 418 3338 triae,
448 3262 760 3346 Northamptouiae,
778 3274 812 3327 et
828 3263 1104 3346 Huntyndoniae,
1130 3264 1190 3347 qui
1212 3264 1279 3331 fuit

329 3361 401 3424 dux
416 3370 451 3425 ct
467 3361 685 3427 ²admirallus
702 3364 840 3427 navium
859 3363 901 3426 de
916 3363 1078 3446 Quinque
1088 3363 1279 3442 Portubus,

330 3469 365 3525 et
390 3460 548 3525 dominus
573 3462 748 3527 Robertus
776 3464 818 3528 de
842 3463 968 3541 Morle,
985 3464 1044 3547 qui
1073 3464 1138 3529 suit
1166 3465 1277 3529 admi-

329 3561 436 3624 rallus
476 3570 509 3625 et
544 3562 615 3626 dux
653 3565 791 3628 navium
819 3565 1020 3642 borealium,
1070 3565 1202 3630 scilicet
1235 3565 1278 3631 de

327 3659 567 3741 Jarnemuthe,
593 3661 742 3746 ³Lynne,
761 3673 796 3729 et
820 3673 1022 3729 caeterarum
1048 3667 1186 3731 navium
1218 3667 1278 3730 bo·

313 3761 481 3837 realium,
501 3771 536 3827 et
554 3765 653 3828 multi
677 3764 736 3828 alii
751 3765 893 3829 nobiles

165 3859 211 3899 The
226 3871 313 3910 engage-

165 3915 224 3950 ment
233 3912 251 3950 lu
264 3923 313 3951 con-

379 3861 494 3939 Victa,
511 3862 652 3947 ⁴igitur,
668 3866 778 3947 prima
801 3865 940 3930 cohorte
958 3865 1184 3945 Gallicorum,
1196 3868 1279 3934 lieet

164 3962 249 4008 tinued;
320 3985 1272 4019 -—-7——.--—-—---—.——...-

362 4048 368 4080 ¹
388 4052 543 4115 ‘Finaliter,’
564 4053 667 4101 omitted
684 4053 710 4100 iu
723 4054 786 4114 Reg.
848 4050 858 4080 ³
874 4054 1048 4117 ‘Yarmouth,’
1063 4056 1128 4118 Raeg.
1144 4057 1177 4109 A.
1191 4073 1281 4124 xvt11.;

327 4122 359 4171 A.
373 4136 447 4173 xvur.
812 4124 931 4186 ‘Lenness
944 4128 1010 4176 Gott.
1022 4129 1061 4176 Cl.
1073 4128 1104 4178 E.
1115 4140 1171 4182 vru.

361 4191 370 4218 ²
385 4194 575 4255 ‘admirabilia’
586 4195 651 4254 Reg.
663 4193 696 4243 A.
707 4206 783 4243 xrru.
847 4193 856 4223 ⁴
872 4196 967 4258 ‘erga’
980 4199 1046 4248 Cott.
1060 4199 1099 4247 Cl.
1112 4199 1143 4249 E.
1155 4213 1212 4253 v111.
