2902 4884
540 397 761 447 cunomcou.
1063 383 1128 447 137

171 561 362 645 pectand03
392 561 442 624 ita
469 560 562 643 q'uod
588 559 643 623 dio
668 559 833 623 Mercurii
859 559 1023 642 proximo·
1048 566 1127 641 post

171 662 297 726 festum
332 660 444 725 sancti
471 660 575 725 Lucae
604 660 840 741 evangelistae,
874 659 991 723 habito
1023 666 1127 724 vento

172 781 349 846 prospero,
377 762 542 843 navigare
579 766 760 842 coeperunt
788 779 865 823 cum
898 760 1009 823 classe
1041 779 1128 843 qua-

172 863 433 944 dringentarum
458 861 609 938 navium,
627 861 755 924 ducens
783 879 898 924 secum
929 879 992 923 sex
1020 860 1129 924 millia

173 969 396 1040 armatorum,
406 982 482 1026 cum
497 961 618 1042 viginti
633 959 814 1024 lminorum
830 960 1127 1036 architenentinm‚

173 1070 298 1147 praeter
319 1069 453 1129 nautas.
499 1061 650 1140 Quando
666 1068 702 1125 et
723 1061 782 1124 ubi
808 1061 843 1124 in
863 1060 1045 1124 Britannia
1067 1079 1129 1143 ap-

172 1165 379 1246 plicuerunt,
402 1171 437 1227 et
465 1163 546 1245 quid
564 1162 612 1226 ibi
632 1161 797 1237 fecerunt,
817 1161 907 1224 inira
930 1161 1126 1243 proximum

176 1264 366 1347 capitulum
385 1263 520 1347 plenius
535 1261 757 1349 continetur]

177 1478 253 1541 REX
288 1494 326 1541 IN
355 1492 586 1541 BRITANNIAM
620 1492 789 1540 MINOREM
826 1493 936 1539 REDIT
962 1469 1006 1538 ET
1036 1493 1128 1539 HYB-

225 1595 310 1642 MAT.
363 1595 511 1641 TREUGA
539 1593 643 1640 AEGBE
670 1593 903 1641 CONCEDITUR
931 1594 981 1640 EX
1010 1593 1128 1640 Panna

228 1694 334 1742 REGIS
357 1694 512 1741 ANGLIAE.

225 1851 335 1916 Anno
353 1852 497 1916 Donum
515 1852 695 1918 millesimo
718 1854 958 1918 trecentesimo
981 1854 1128 1937 quadra·
1141 1874 1249 1922 nnana

174 1953 305 2035 gesimo
323 1954 484 2031 secundo,
498 1952 719 2035 pontificatus
731 1953 918 2018 Clementis
933 1955 1025 2019 sexti
1038 1974 1129 2019 anno
1141 1925 1271 2023 ilidii?

174 2054 297 2135 primo,
323 2054 421 2135 regni
450 2073 531 2117 vero
564 2055 656 2135 regis
683 2054 844 2118 Edwardi
873 2055 965 2119 tertii
993 2075 1014 2119 a
1048 2076 1128 2120 con·

176 2163 301 2236 questu
329 2153 576 2232 sextodecimo,
604 2154 718 2218 aetatis
763 2154 943 2219 scribentis
986 2174 1131 2238 sexage-

175 2254 262 2318 simo
299 2274 401 2331 nono,
443 2255 535 2317 circa
576 2254 702 2318 festum
734 2255 846 2318 sancti
877 2253 1059 2319 Michaelis
1092 2275 1132 2320 se

176 2355 286 2418 traxit
301 2374 363 2418 rex
385 2352 524 2435 Angliae
548 2354 590 2417 de
615 2353 740 2418 Guntia
758 2373 877 2418 versus
896 2354 1131 2438 Portesmuth,

177 2463 213 2518 et
238 2455 298 2532 ibi,-
323 2454 378 2518 die
397 2453 562 2518 Mercurii
580 2455 737 2536 proximo
763 2465 843 2538 post
869 2453 993 2518 festum
1016 2459 1128 2521 sancti

178 2555 283 2618 Lucae
324 2555 560 2635 evangelistae,
598 2574 676 2618 cum
714 2555 824 2620 classe
862 2575 927 2618 sua
963 2556 1129 2639 navigare

177 2655 296 2736 coepit,
317 2655 407 2719 sicut
432 2674 538 2737 supra
571 2656 729 2737 proximo
757 2663 810 2720 est
840 2675 1059 2738 expressum3
1094 2666 1131 2723 et

176 2756 366 2838 penultimo
392 2755 447 2818 die
465 2755 673 2819 Novembris
703 2756 872 2839 applicuit
894 2757 931 2819 in
950 2756 1130 2822 Britannia

179 2855 309 2921 Minori
330 2875 437 2939 prope
456 2856 570 2920 Brast.
634 2856 700 2920 Sed
732 2866 919 2939 antequam
952 2856 1039 2920 idem
1068 2876 1271 2936 rexnrlnmun

178 2957 322 3022 intravit
350 2957 578 3033 Britanniam,
604 2956 655 3019 illi
684 2957 744 3039 qui
776 2964 1025 3039 praecesserunt
1053 2927 1273 3021 eum⁸²M⁰‘¹⁸¹¹'

179 3076 258 3120 cum
284 3057 407 3121 comite
435 3056 749 3139 Northamptoniae,
777 3056 948 3133 videlicet,
973 3057 1131 3121 dominus

181 3156 289 3239 Hngo
321 3158 521 3239 Dispenser,
554 3157 711 3220 dominus
743 3156 937 3220 Richardus
971 3157 1131 3234 Talebob

180 3277 258 3322 cum
296 3258 368 3322 suis
409 3257 563 3338 collegis,
596 3257 789 3321 habuerunt
828 3256 1025 3320 conflictum
1054 3276 1132 3323 cum

181 3356 326 3422 Gallicis
347 3357 438 3441 apud
458 3357 635 3440 Morleys;
666 3357 722 3420 ubi
749 3358 850 3439 pauci
870 3356 1020 3439 Anglici,
1037 3359 1132 3422 vide-

182 3458 274 3535 licet,
301 3459 360 3521 vix
391 3459 569 3540 quingenti
595 3458 673 3535 viri,
697 3457 825 3522 multos
854 3455 1021 3536 GallicoS,
1039 3458 1133 3523 vide-

180 3559 273 3634 licet,
306 3555 581 3641 2qninquaginta
609 3557 678 3622 duo
712 3557 821 3621 millia
848 3564 1058 3622 armatorum
1091 3560 1133 3624 de

181 3657 405 3723 nobilioribus
430 3658 596 3721 militibus
614 3658 770 3721 Franciae
787 3658 906 3740 sugere
933 3668 1134 3740 coegerunt,

180 3765 217 3822 et
236 3759 363 3824 multos
381 3759 591 3836 occiderunt,
608 3765 643 3821 et
658 3758 824 3840 quosdam
838 3766 1021 3841 ceperunt:
1045 3759 1136 3823 inter

181 3879 269 3942 quos
294 3866 418 3943 captus
442 3858 508 3922 fuit
535 3859 693 3922 dominus
717 3857 896 3922 Galfridus
920 3855 962 3922 de
984 3858 1133 3942 Chamy,

218 3985 286 4037 ¹Sic
302 3988 370 4051 MS„
388 3988 427 4037 ior
438 3987 522 4036 which
539 4001 598 4048 may
614 3987 645 4035 be
672 4000 716 4035 sex
742 3985 822 4034 millia
847 3990 1008 4049 armatorum,
1031 3987 1137 4037 archite-

180 4057 258 4108 rnneh
279 4059 359 4108 better
380 4058 451 4121 read,
466 4058 545 4106 ‘cum
564 4059 645 4107 classe
673 4056 804 4118 nentium,'
816 4056 861 4104 &a

182 4129 422 4191 quadringentarum
451 4128 554 4177 navium
588 4143 646 4176 cum
708 4124 862 4188 ²Knighton
873 4126 979 4175 reduces
989 4127 1030 4176 the
1040 4128 1136 4178 French

182 4199 273 4262 viginti
290 4201 423 4259 minorum,
445 4199 540 4248 ducens
560 4212 646 4247 secum
671 4202 697 4245 to
712 4201 806 4258 twenty
819 4197 953 4246 thousand.
986 4202 1059 4249 2581.
1072 4204 1112 4249 65.
