2902 4884
515 439 518 448 .
538 399 758 447 canonicor.
1058 383 1123 447 113

169 557 397 622 communitas
423 555 530 639 regni,
547 556 763 621 concorditer
785 555 911 620 multas
936 556 1050 622 bonas
1061 576 1120 641 pc·
1135 585 1272 633 emesae.

170 657 309 722 titiones
322 678 386 740 pro
402 657 648 722 communitate
665 657 761 739 regni
777 656 943 734 fecerunt,
959 664 994 722 et
1008 659 1120 723 maxi·
1133 636 1283 726 ffiddidflm'

170 777 224 823 me
241 757 334 841 quod
360 758 492 841 Magna
515 756 657 835 Charta,
679 764 715 822 et
742 756 872 822 Charta
899 757 941 822 de
964 737 1227 838 Foresta,l⁰¹¹‘¹⁰¹¹·

171 865 206 923 et
223 858 301 922 aliae
315 859 492 923 libertates
503 858 655 923 ecclesiae
665 864 884 925 servarentur
893 857 937 923 ad
952 878 1119 942 unguem;

170 965 207 1023 et
232 959 324 1041 quod
340 959 516 1027 venientes
544 966 673 1035 contra,
692 959 796 1024 etiam
814 959 842 1022 si
866 966 981 1024 essent
996 959 1123 1026 officia·

171 1059 214 1121 rii
239 1059 342 1142 regis,
361 1060 584 1143 punirentur:
613 1066 649 1123 et
676 1060 768 1144 quod
796 1059 946 1144 majores
969 1058 1123 1126 officiarii

172 1160 264 1241 regis
280 1160 489 1242 eligerentur
499 1179 560 1243 per
574 1177 674 1243 pares
689 1160 787 1241 regni
804 1157 856 1226 ¹in
870 1159 1120 1243 parliamento:

172 1266 207 1324 et
231 1260 356 1343 quibus
382 1280 444 1324 rex
468 1260 575 1344 juxta
603 1260 776 1343 privatum
808 1279 909 1324 suum
940 1262 1123 1326 concilium

172 1359 301 1424 diutius
324 1360 547 1437 contradixit,
563 1366 599 1424 et
622 1360 672 1424 sic
696 1360 835 1426 duravit
856 1360 1123 1443 parliamentum

172 1461 340 1544 usquead
356 1460 512 1543 'vigiliam
533 1461 766 1526 Pentecostes.
815 1459 881 1525 Sed
895 1461 1045 1527 finaliter
1061 1482 1123 1527 rex

171 1563 344 1626 concessit
365 1562 530 1646 majorem
547 1568 680 1644 partem
702 1561 871 1626 dictarum
893 1562 1122 1644 petitionum3

173 1661 233 1725 sed
249 1663 291 1727 de
308 1662 528 1746 praefectione
545 1668 580 1726 et
603 1661 769 1726 electione
786 1660 1025 1727 officiariorum
1042 1683 1123 1728 suo·

174 1781 249 1825 rum
273 1783 341 1827 non
367 1763 551 1851 concessit:
576 1762 688 1828 voluit
715 1769 830 1826 tamen
853 1762 1003 1827 finaliter
1030 1764 1123 1847 quod

173 1861 328 1928 officiarii
354 1863 515 1947 jurarent
540 1863 576 1926 in
606 1862 847 1945 parliamento,
867 1862 959 1947 quod
987 1864 1024 1928 in
1051 1865 1125 1929 suis

174 1962 295 2027 officiis
313 1964 469 2028 omnibus
490 1963 661 2047 justitiam
686 1963 911 2045 exhiberent3
943 1970 978 2028 et
1002 1965 1033 2030 si
1056 1985 1125 2029 non

175 2062 340 2141 facerent,
378 2065 413 2127 in
452 2065 605 2148 quolibet
641 2064 882 2147 parliamento,
927 2064 1030 2130 tertio
1070 2065 1125 2129 die

174 2171 255 2246 post
298 2165 504 2249 principium
548 2164 780 2247 parliamenti,
817 2184 880 2230 sua
921 2163 1033 2229 officia
1075 2186 1125 2230 re

172 2265 363 2345 signarent,
394 2272 429 2330 et
457 2264 603 2347 singulis
633 2265 676 2329 de
708 2265 833 2331 eisdem
870 2265 1125 2350 querelantibus

174 2365 431 2448 responderent,
449 2372 485 2429 ct
507 2365 639 2449 judicio
662 2366 797 2448 parium
818 2364 1039 2449 [culpabiles]
1060 2387 1124 2450 pu·

175 2466 341 2531 nitentur.
394 2465 505 2547 Super
528 2466 652 2549 quibus
670 2472 705 2534 et
722 2465 800 2532 aliis
824 2465 954 2551 lactum
969 2465 1035 2530 luit
1052 2474 1124 2531 sta-

175 2572 288 2632 tutum
313 2564 428 2648 sigillo
454 2565 544 2648 regis
562 2564 839 2649 consignatum.2
899 2567 946 2632 Et
968 2587 1012 2631 ex
1043 2573 1126 2632 tunc

175 2665 329 2748 praelatis
344 2674 379 2731 et
396 2666 474 2731 aliis
492 2667 575 2731 data
592 2666 658 2732 fuit
670 2667 811 2732 licentia
832 2667 1034 2747 recedendi;
1065 2668 1125 2732 sed

175 2767 344 2848 assignati
352 2767 490 2830 fuerunt
501 2767 653 2851 episcopi
667 2768 958 2834 Dunelmensiset
968 2768 1124 2832 Sarisbe·

176 2867 311 2944 mensis,
329 2868 472 2933 comites
494 2867 631 2945 Sarum,
647 2867 847 2950 Warewyk,
865 2874 901 2932 et
918 2867 1125 2951 Nortbamp·

169 2968 293 3046 tenire,
314 2967 356 3031 ad
382 2967 589 3033 audiendum
614 2968 855 3033 excusationes
879 2968 1127 3051 archiepiscopi

175 3087 280 3151 super
305 3068 371 3131 sibi
402 3068 583 3152 impositis,
612 3075 647 3134 et
677 3069 720 3133 ad
751 3067 962 3132 referendum
994 3069 1069 3150 regi
1090 3068 1126 3135 in

175 3168 335 3251 proximo
366 3169 605 3250 parliamento.
669 3168 715 3232 Et
745 3187 822 3234 cum
849 3167 1126 3252 archiepiscopus

176 3267 313 3333 offerret
327 3288 364 3333 se
380 3274 539 3351 paratum
551 3267 669 3334 statim
685 3266 886 3334 'immunem
902 3269 1082 3333 ostendere
1092 3277 1128 3335 et

177 3368 312 3447 docere,
331 3369 414 3439 dicti
435 3369 588 3453 episcopi
614 3375 649 3433 et
665 3369 808 3437 comites
824 3376 1046 3438 asseruerunt
1061 3370 1127 3434 sibi

177 3475 260 3534 tunc
287 3488 412 3534 vacare
444 3489 513 3533 non
539 3487 661 3553 posse;
705 3470 823 3553 sicque
851 3470 1015 3537 remansit
1042 3469 1126 3537 illud

177 3569 353 3652 negotium
369 3570 406 3633 in
422 3588 603 3653 suspenso.

229 3670 310 3736 Hoc
335 3689 439 3746 anno,
466 3671 558 3738 circa
584 3669 709 3734 festum
739 3668 947 3738 Nativitatis
973 3671 1128 3747 Douiru,

177 3769 265 3841 obiit
284 3771 321 3833 in
336 3768 507 3836 Gandavo
528 3769 686 3835 dominus
701 3767 879 3837 Galffidus
899 3769 1020 3853 Scrop,
1038 3771 1129 3852 prin-

216 4058 222 4088 ¹
239 4061 285 4119 ‘in
300 4059 483 4123 parliamento,’
493 4061 597 4114 omitted
613 4061 639 4110 in
665 4060 692 4108 in
708 4060 785 4110 State.
799 4059 827 4109 of
841 4059 884 4108 tlre
900 4057 998 4119 Realm,
1009 4058 1029 4107 i.
1046 4061 1130 4120 295-7,

179 4134 240 4182 Cod.
254 4132 318 4192 seg.
329 4130 362 4180 Α.
374 4142 452 4180 xvur.
666 4130 716 4179 sud
728 4130 786 4182 Rct.
800 4129 869 4179 Parl.
882 4129 909 4178 ii.
924 4131 980 4190 126,
993 4131 1049 4179 127.

213 4199 224 4231 ²
239 4202 288 4252 See
299 4200 371 4261 thess
382 4201 518 4264 important
533 4205 640 4251 statutos
701 4197 712 4228 ³
728 4199 864 4261 ‘minima'
878 4199 941 4262 Reg.
953 4199 986 4251 Α.
999 4210 1076 4253 xvru,

970 4291 980 4342 1
