2902 4884
328 372 392 435 144
669 388 704 433 Α.
724 385 938 435 66616666.

165 567 272 607 rumor
327 545 515 628 capitulum
540 543 799 622 cameracense,
817 542 901 607 villa
918 540 1283 619 Cameracensis-cns·

164 619 202 659 tho
210 622 219 657 t

220 628 276 659 11100.

327 654 419 710 trum
445 646 487 709 de
512 644 704 710 Cambrisio
730 651 765 708 et
786 662 904 709 omncs
922 642 1216 717 Gambrecenses3
1249 650 1284 706 et

327 747 484 811 similiter
514 746 673 809 dominus
711 744 754 808 de
791 745 826 808 la
857 744 968 821 Brett‚
1009 744 1203 808 vicecomes
1242 743 1283 806 (16

329 848 513 923 Fronsato,
540 853 575 909 et
602 845 760 910 dominus
788 845 830 909 de
852 845 1032 928 Tycnbon,
1055 851 1090 908 et
1122 844 1282 908 dominus

327 947 506 1012 lohannes
522 947 563 1010 (16
581 944 747 1023 Verinno‚
763 953 800 1009 et
813 945 971 1010 dominus
987 944 1029 1008 (16
1048 943 1164 1027 Raya.

379 1047 492 1126 ‘Quae
513 1046 649 1129 quidem
673 1046 789 1110 omnia
805 1053 840 1110 et
857 1045 996 1127 singula
1020 1063 1129 1126 snpra
1152 1045 1283 1128 scripta

332 1148 480 1211 tenenda
506 1154 541 1211 et
561 1146 806 1211 inviolabiliter
826 1145 1053 1219 observanda,
1079 1152 1116 1209 et
1143 1144 1188 1209 de
1214 1166 1282 1211 666

329 1247 498 1312 veniendo
526 1247 743 1329 aliquatenus
769 1254 891 1310 contra
919 1265 972 1323 66,
993 1244 1050 1309 vel
1076 1264 1196 1309 eorum
1220 1245 1282 1317 alie

329 1368 410 1430 qua,
439 1348 565 1412 domini
594 1346 670 1410 Odo
692 1347 914 1428 Burgundiae,
944 1353 979 1410 et
1006 1344 1134 1409 Petrus
1152 1346 1283 1411 Borbo-

330 1448 427 1525 66611,
446 1449 481 1511 16
505 1448 717 1512 dominorum
739 1446 890 1530 Philippi
916 1446 1086 1522 Franciae,
1109 1445 1283 1511 Henricns

330 1549 372 1612 (16
397 1549 614 1626 Lancastria,
636 1547 841 1611 Wilhelmus
866 1546 1002 1623 Bohun,
1020 1546 1221 1611 Willelmns
1242 1547 1282 1611 de

331 1649 583 1726 Monte-acuto,
625 1648 779 1724 comites,
815 1645 1023 1729 Radulphus
1051 1646 1095 1710 de
1119 1647 1283 1725 Stafford,

331 1750 595 1814 Bartholomeus
613 1748 655 1812 (16
672 1747 859 1829 Burgcrsh,
883 1746 1059 1811 Walterus
1076 1747 1119 1811 de
1135 1748 1281 1833 Manny,

330 1849 529 1934 supradicti,
556 1850 592 1912 in
613 1848 775 1912 Edwardi
803 1847 953 1930 Anglioe,
991 1868 1109 1931 regum
1138 1849 1283 1932 6666116-

329 1958 443 2013 torum
486 1948 627 2027 animas,
670 1950 773 2012 tactis
812 1949 1042 2012 sacrosanctis
1081 1950 1282 2032 evangeliis,

330 2050 576 2132 praestiterunt,
589 2049 696 2133 juxta
712 2049 912 2113 mandatum
928 2049 972 2113 ab
986 2048 1114 2112 eisdem
1135 2049 1282 2115 dominis

258 2210 261 2216 .
333 2151 488 2214 Franciae
524 2157 559 2214 et
582 2149 719 2232 Angliae
747 2151 885 2232 regibus
912 2151 961 2213 eis
990 2149 1134 2227 factum,
1161 2170 1282 2234 corpo·

331 2251 450 2315 raliter
461 2251 670 2336 juramenta.

381 2351 449 2415 ‘In
478 2372 623 2434 qnorum
657 2351 808 2415 omnium
831 2351 1064 2415 testimonium
1094 2359 1286 2434 praesentes

331 2451 450 2515 literas
475 2452 548 2515 fieri
565 2451 708 2516 fecimus
725 2451 914 2532 sigillorum
933 2459 1128 2517 nostrorum
1155 2472 1283 2536 appen-

331 2553 427 2614 sione
449 2551 583 2616 muniri.
635 2551 727 2616 Acta
755 2559 790 2615 et
813 2552 894 2616 data
921 2553 958 2614 in
986 2553 1140 2635 prioratu
1171 2555 1281 2618 bcutae

333 2651 456 2715 Mariae
474 2651 692 2733 Magdalenae
718 2651 760 2715 (16
776 2651 1005 2731 Maiestricto,
1027 2653 1157 2717 ordinis
1174 2654 1284 2719 Bene·

331 2751 427 2828 dicti,
461 2751 668 2816 Venetensis
707 2752 863 2831 (11666616,
903 2772 993 2816 6666
1031 2772 1053 2816 6
1087 2753 1282 2819 Nativitate

332 2852 473 2916 1166661
489 2851 670 2916 millesimo
685 2854 924 2918 trecentesimo
936 2853 1203 2936 quadragesimo
1218 2861 1284 2918 ter-

332 2954 393 3030 tio,
411 2952 602 3017 Indictione
621 2952 811 3030 undecima,
827 2952 1066 3019 decimo-nono
1083 2953 1138 3018 die
1155 2955 1283 3019 mensis

332 3052 355 3117 J
359 3054 505 3131 anuarii,
536 3053 758 3136 pontificatus
781 3053 932 3137 ejusdem
951 3054 1078 3117 domini
1095 3052 1284 3120 Clementis

332 3174 432 3237 papae
465 3155 568 3231 sexti,
602 3173 691 3218 anno
728 3154 848 3237 primo.
915 3153 1149 3219 Praesentibus
1180 3175 1282 3220 vene·

332 3255 448 3317 randis
477 3256 512 3318 in
544 3254 708 3318 Cumsuo
743 3255 912 3336 patribus,
950 3255 1096 3318 dominis
1130 3254 1283 3338 lingone

333 3354 588 3436 archiepiscopo
622 3354 818 3431 Bisuntino,
859 3354 1021 3419 lohanne
1064 3355 1283 3434 Belvacensi,

334 3452 491 3517 Gilberto
528 3453 747 3531 Richenensi,
784 3454 807 3519 J
811 3455 944 3519 ohanne
980 3453 1181 3534 Castirensi,
1221 3456 1284 3521 Jo-

333 3551 447 3616 hannc
491 3552 712 3629 Massiliensi,
751 3555 941 3638 episcopis3
981 3554 1140 3620 Galirido
1172 3557 1285 3622 electo

329 3653 559 3731 -Lausanensi,
585 3663 620 3719 et
644 3655 808 3738 praedicto
830 3654 991 3720 lohanne
1008 3656 1138 3720 Elionsi
1173 3658 1283 3721 archi·

333 3753 498 3829 diacon03
541 3775 672 3818 necnon
702 3756 872 3820 nobilibus
905 3764 940 3819 et
971 3756 1163 3838 magnificis
1185 3758 1285 3822 ,viris

333 3854 470 3918 domino
503 3853 664 3938 Philippo
699 3857 742 3919 (16
770 3856 983 3938 Burgundio,
1019 3857 1186 3936 Boloniae,
1219 3857 1283 3924 Jo-

327 3953 446 4018 116666
474 3955 516 4018 (16
541 3955 718 4032 Cabilone,
761 3954 1055 4021 Autissiodorensi
1082 3957 1189 4024 Sacro
1218 3958 1283 4025 Ce-

327 4057 434 4132 saris,
455 4054 478 4119 J
482 4055 616 4120 ohanne
641 4055 814 4137 Joninacy
827 4052 883 4142 (t),
900 4057 1062 4122 iohanne
1084 4058 1125 4122 de
1148 4059 1282 4125 Castel-

333 4154 423 4217 lione
456 4155 497 4217 de
525 4154 716 4233 Porcianis,
741 4154 942 4238 comitibus;
981 4159 1110 4222 Milone
1141 4160 1185 4223 de
1212 4160 1284 4225 No-
