2902 4884
329 367 393 434 luo
664 384 699 431 A.
726 381 942 434 nunruunn.

377 541 509 607 Eodem
523 559 615 606 enno
632 541 912 625 archiepiscopus
934 538 1148 619 Cautum,
1166 540 1291 607 videns

327 643 420 726 quod
440 662 516 716 rex,
538 649 656 725 spreto
678 641 821 708 consilio
845 661 987 707 suorum
1011 661 1233 725 magnorum,
1249 660 1292 708 oc

327 742 534 826 sapientium
544 743 651 826 regni,
663 763 841 828 pravoque
851 761 934 808 usus
941 742 1117 827 juniorum
1126 742 1289 819 consilio,

326 844 423 909 velut
432 845 522 909 alter
537 845 709 922 Ruborem,
721 851 801 929 post
816 843 1112 909 adventumsuuur
1121 843 1167 910 de
1178 843 1291 911 ultru-

326 944 468 1009 marinis
490 945 660 1028 partibus,
679 952 720 1011 ut
739 963 846 1028 supra
866 944 996 1010 dictum
1017 951 1083 1022 est,
1101 963 1226 1009 omues
1239 943 1289 1009 of·

326 1044 456 1109 ficicles
471 1064 553 1110 suos
569 1047 614 1110 ab
630 1043 751 1111 officiis
767 1045 842 1110 suis
858 1044 1002 1124 amovit,
1018 1052 1055 1110 et
1074 1045 1111 1109 iu
1127 1044 1217 1111 locis
1233 1043 1288 1109 di·

326 1146 435 1209 versis
452 1146 582 1211 carceri
597 1146 822 1231 mancipavit,
839 1146 979 1231 scripsit
994 1145 1106 1212 eidem
1125 1145 1205 1230 regi
1218 1146 1288 1212 suh

328 1243 394 1310 huc
410 1245 532 1313 forma.

450 1410 584 1460 LITERA
610 1412 887 1460 nucmnmscom
912 1412 997 1461 unul
1027 1411 1146 1462 iussn.

235 1559 280 1627 'sp
376 1543 500 1608 ‘Tuus
519 1545 604 1610 doce
620 1545 795 1626 seignour,
809 1562 897 1609 vous
913 1544 1024 1626 pluise
1041 1541 1173 1620 saveir,
1189 1563 1234 1628 qe
1248 1544 1286 1610 lu

171 1620 283 1750 effi?
326 1644 405 1727 plus
428 1645 633 1710 souveraine
656 1644 760 1710 chose
793 1663 836 1728 qe
862 1645 950 1710 tient
981 1644 1032 1710 les
1057 1643 1141 1721 uois,
1163 1651 1202 1710 et
1231 1643 1285 1710 les

326 1746 462 1828 princes
476 1766 518 1810 en
536 1746 604 1810 due
625 1753 660 1811 et
684 1744 894 1811 conveneble
916 1751 1019 1822 estut,
1035 1745 1066 1809 si
1083 1751 1138 1809 eet
1159 1745 1231 1809 bon
1248 1752 1285 1810 et

327 1863 411 1927 sege
438 1846 580 1923 conseil,
606 1853 642 1911 et
670 1865 736 1930 pur
759 1865 821 1910 ceo
847 1853 901 1911 est
922 1845 1061 1928 escript,
1085 1851 1124 1910 et
1145 1844 1173 1909 li
1196 1864 1284 1928 sege

327 1944 397 2010 dist
429 1965 471 2009 en
498 1965 556 2010 ces
586 1954 677 2011 motu
705 1947 767 2011 des
798 1945 959 2025 conseils,
984 1953 1058 2011 cest
1083 1963 1123 2009 us
1148 1946 1284 2024 saveir,

326 2046 427 2122 bons,
452 2045 595 2128 illocqes
622 2046 648 2110 il
676 2067 698 2129 y
725 2047 768 2111 ad
795 2053 940 2127 saunt03
975 2053 1012 2113 et
1043 2062 1112 2128 pur
1138 2065 1204 2111 ceo
1228 2053 1284 2111 est

326 2147 456 2230 escript
477 2165 520 2211 en
547 2146 580 2212 le
605 2146 692 2212 livre
718 2147 761 2212 de
788 2146 888 2225 Rois,
905 2166 948 2230 qe
974 2145 1151 2224 Salomon,
1168 2147 1206 2230 qi
1227 2146 1282 2212 fut

325 2247 359 2311 le
373 2247 452 2330 plus
478 2266 562 2330 uage
587 2248 639 2312 roi
660 2248 696 2331 qi
718 2267 826 2330 unqes
843 2247 908 2326 sut,
924 2247 1013 2329 prist
1025 2245 1147 2313 devers
1163 2246 1216 2312 lui
1230 2247 1282 2312 loo

325 2347 404 2431 plus
427 2348 589 2413 nunciens
610 2355 724 2430 genic,
753 2355 789 2412 et
818 2348 897 2430 plus
919 2366 1022 2430 seges
1042 2345 1087 2410 de
1115 2346 1151 2412 la
1177 2354 1281 2425 terre,

325 2467 390 2531 pur
422 2449 458 2533 qi
488 2449 680 2515 nuisement
714 2455 750 2512 et
783 2445 863 2512 ¹son
892 2454 982 2527 sent,
1011 2434 1158 2512 il‘rient
1188 2454 1281 2513 teter

326 2548 421 2613 voies
436 2549 471 2612 la
484 2555 575 2613 terre
583 2549 627 2613 de
637 2548 748 2614 Israel
760 2568 802 2612 en
812 2550 927 2631 quiete
940 2555 977 2613 et
989 2566 1032 2612 eu
1043 2565 1125 2630 pecs
1138 2567 1147 2628 ;
1172 2555 1209 2613 et
1218 2566 1281 2613 ou·

325 2655 377 2711 tre
395 2667 456 2712 ceo
473 2655 588 2713 tontes
614 2649 664 2713 les
690 2650 760 2714 nois
783 2655 907 2714 entour
930 2648 981 2712 lui
1009 2654 1168 2730 estoyent
1192 2668 1216 2713 a
1239 2667 1281 2714 so

325 2747 520 2813 volountee.
565 2749 611 2813 Et
632 2767 791 2833 opressa
812 2756 903 2814 mort
922 2766 1031 2831 regne
1044 2766 1108 2812 son
1129 2749 1189 2813 fitz
1206 2748 1280 2814 Ro·

324 2848 462 2927 boham,
479 2856 514 2914 et
539 2849 728 2915 euterlessa
743 2849 777 2915 le
800 2850 869 2914 bon
883 2848 1013 2914 couseil
1039 2848 1100 2913 des
1117 2850 1281 2915 nunciens

326 2958 360 3014 et
387 2969 489 3033 suges
519 2950 555 3033 qi
578 2957 727 3036 avoyent
754 2956 827 3015 este
855 2968 920 3015 ove
947 2968 1012 3013 son
1028 2950 1134 3032 piene,
1159 2955 1198 3015 et
1224 2950 1283 3015 fist

326 3070 429 3133 apres
451 3051 484 3115 le
509 3051 639 3116 couseil
654 3051 714 3115 des
737 3051 878 3134 joesnes
899 3057 1013 3133 genic,
1032 3048 1068 3133 qi
1090 3049 1140 3114 lui
1163 3050 1280 3134 velay·

325 3159 386 3216 ent
406 3151 527 3235 phire,
547 3159 582 3216 et
608 3152 666 3236 poi
694 3151 914 3233 enlavoyent,
932 3169 996 3234 per
1022 3149 1103 3231 quoi
1127 3149 1154 3214 il
1181 3150 1280 3234 perdi

325 3258 398 3316 tote
424 3271 464 3316 sa
487 3258 577 3316 terre
598 3251 756 3329 d'Israel,
773 3251 869 3317 salve
891 3251 926 3315 la
952 3249 1128 3314 donuisme
1153 3251 1289 3333 portic,¹

325 3358 361 3415 et
376 3371 421 3414 en
438 3370 566 3415 mesme
585 3351 621 3415 la
637 3371 774 3417 manere
795 3351 956 3434 plusours
974 3351 1043 3415 ruis
1067 3349 1230 3430 d'Isruel,
1244 3359 1280 3417 et

325 3452 385 3514 des
408 3457 525 3515 autres
543 3459 664 3531 terres,
682 3459 768 3519 ount
784 3458 857 3517 este
874 3452 977 3516 mises
995 3470 1017 3517 a
1036 3450 1199 3517 mischief
1216 3471 1280 3536 par

325 3551 479 3634 moiveys
496 3552 635 3616 conseil.

375 3650 457 3730 ‘Ec
478 3651 558 3729 sire,
582 3651 642 3734 q'il
663 3672 707 3716 ne
727 3672 814 3716 vous
840 3651 1010 3733 desplese,
1028 3670 1114 3715 vous
1134 3651 1167 3716 le
1192 3672 1280 3735 poec

324 3753 531 3816 remembrer
555 3752 597 3816 de
625 3760 722 3817 votre
748 3760 871 3835 temps,
891 3771 955 3835 qar
979 3771 1045 3834 par
1073 3753 1106 3816 le
1133 3752 1280 3819 malveis

324 3853 454 3918 conseil
481 3872 523 3936 qe
553 3860 651 3917 notre
668 3852 747 3930 sire,
764 3860 864 3919 voire
880 3852 986 3935 piore,
1003 3852 1039 3936 qi
1065 3853 1192 3918 Dlnux
1221 3872 1278 3919 us·

324 3954 440 4018 soille!
464 3952 572 4031 avoit,
597 3953 621 4018 il
639 3954 697 4019 fist
721 3954 866 4036 prendre
885 3959 1004 4020 contre
1032 3953 1068 4016 la
1093 3953 1149 4036 ley
1167 3953 1212 4017 de
1239 3972 1279 4019 sa

323 4059 425 4131 terre,
454 4061 490 4118 et
516 4054 552 4117 la
578 4053 690 4119 Grani
719 4054 876 4131 Char-tre,
902 4054 967 4119 les'
979 4054 1090 4137 pieres
1118 4059 1154 4118 et
1178 4061 1278 4119 autre

734 4228 741 4257 ¹
759 4231 902 4280 ‘consenti’
