2902 4884
543 416 766 463 cunomcon.
1082 402 1125 465 85

170 577 235 640 hoc
252 595 322 639 non
345 577 483 640 fuerunt
500 577 627 654 vocati,
644 579 798 660 exceptis
819 577 939 660 paucis
957 577 1122 659 praelatis,

171 677 231 757 qui
250 676 378 740 elerum
396 678 439 739 ab
457 678 593 761 injuriis
611 677 790 742 defendere
806 697 873 741 non
889 688 1062 742 curarunt.

222 775 325 853 Item,
355 776 420 840 hoc
446 797 547 854 anno,
565 778 620 841 die
645 778 764 842 Sabati
784 779 821 841 in
850 777 938 841 festo
956 777 1252 883 Transiit-mepal-

172 875 276 939 tionis
308 877 419 940 sancti
454 875 653 940 Benedictil
676 880 823 956 abbatis,
857 898 949 942 anno
980 878 1120 941 nomm
1133 846 1247 946 illiti?

172 975 352 1040 millesimo
381 978 619 1041 trecentesimo
647 985 783 1054 octavo,
801 979 885 1042 dicti
913 979 981 1042 duo
1010 979 1121 1042 cardi-

173 1076 269 1139 nales
317 1077 534 1141 intraverunt
574 1097 666 1140 mare
709 1078 801 1160 apud
847 1078 1046 1156 Deveriam,
1088 1087 1123 1143 et

170 1177 289 1240 eodem
307 1178 362 1241 die
380 1179 471 1241 circa
487 1177 607 1240 horam
623 1197 749 1241 nonam
774 1179 1013 1261 applicuerunt
1030 1179 1121 1261 apud

172 1275 369 1354 Whitsond,
400 1285 434 1342 et
473 1277 651 1342 Johannes
684 1278 962 1361 archiepiscopus
994 1286 1028 1342 et
1059 1278 1123 1342 Ri-

173 1377 296 1440 cardus
313 1378 554 1442 Dunelmensis
577 1378 760 1461 episcopus
783 1398 860 1441 cum
883 1379 945 1454 εἰς,
962 1376 1005 1440 ad
1032 1385 1122 1441 trac·

171 1476 314 1540 tandum
354 1478 396 1541 de
423 1499 508 1561 pace
531 1497 609 1543 eum
639 1499 720 1561 rege
751 1478 919 1554 Franciae,
942 1477 971 1540 si
1004 1484 1122 1560 posset

172 1577 245 1639 fieri
273 1578 363 1641 bono
391 1580 504 1644 modo.
557 1580 604 1643 Et
629 1580 683 1643 die
708 1579 808 1646 Jovis
836 1586 918 1644 tunc
945 1584 1121 1661 sequente,
1135 1603 1193 1651 κως
1204 1602 1244 1640 m-

171 1674 287 1740 ²xvrr.
299 1675 369 1741 kal.
381 1677 544 1760 Augusti,
555 1680 713 1743 dominus
730 1700 806 1756 rex,
820 1687 854 1744 et
871 1679 991 1760 regina
1009 1698 1122 1760 praeg·
1135 1655 1245 1743 diffidi?

174 1797 272 1854 nans,
305 1784 340 1841 et
373 1778 450 1841 duae
489 1778 569 1841 filiae
604 1779 707 1858 regis,
746 1797 824 1840 cum
855 1797 980 1858 magna
1013 1779 1123 1841 classe
1137 1753 1238 1804 ¹¹³⁸w¹⁰¹¹³

173 1878 438 1960 quingentarum
465 1879 618 1954 navium,
644 1878 861 1942 intraverunt
900 1896 994 1940 mare
1032 1878 1124 1959 apud

174 1976 404 2059 Gypeswick3
436 1978 478 2041 de
505 1975 626 2060 ³cujus
652 1979 800 2042 transitu
827 1976 967 2061 quidam
993 1977 1125 2041 versifi-

177 2085 277 2141 cator
294 2079 487 2159 composuit
503 2079 588 2141 istos
605 2098 747 2142 versus:

254 2203 262 2232 ⁴
275 2194 319 2253 M.
334 2195 459 2273 simplex,
475 2195 510 2255 C.
523 2203 574 2278 ter,
591 2195 626 2253 X.
642 2195 754 2273 triplex,
770 2194 806 2253 V.
819 2195 913 2266 semel,
929 2194 951 2251 1.
967 2202 1019 2264 ter,

316 2292 442 2370 Belliger
455 2312 504 2350 rex
520 2293 554 2350 E.
570 2300 622 2362 ter,
639 2301 717 2350 trans
731 2311 808 2349 mare
823 2291 941 2368 sumpsit
955 2291 1018 2348 iter.

276 2389 367 2448 Ortus
381 2390 483 2467 vigeno
498 2397 586 2459 sexto,
602 2389 682 2467 regni
697 2387 835 2456 duodeno,

314 2485 380 2544 XV.
393 2486 441 2543 lux
455 2486 534 2556 Julii,
549 2486 581 2543 fit
595 2487 648 2544 sibi
662 2484 787 2563 navigii.⁴

228 2600 273 2663 Et
309 2598 548 2681 applicuerunt
578 2598 669 2681 apud
698 2597 888 2680 Andwarp,
921 2597 979 2661 ubi
1017 2597 1126 2680 prima
1138 2629 1180 2667 ,nd
1189 2627 1249 2666 imi,
1258 2630 1280 2665 ,t

176 2701 263 2764 facie
291 2719 369 2763 cum
398 2698 526 2762 honore
549 2700 697 2780 recepti:
730 2705 764 2762 et
791 2698 856 2762 sibi
883 2698 1051 2762 dederunt
1068 2698 1126 2761 ob·
1139 2679 1247 2727 mmm·

178 2801 269 2865 viam
293 2798 418 2863 ibidem
443 2799 513 2862 dux
537 2793 762 2875 ⁵Brabantiae,
779 2798 921 2861 comites
940 2797 1126 2876 Hanoniae,

176 2890 397 2985 de'6Geldre,
416 2906 451 2962 et
476 2898 519 2961 de
544 2897 567 2962 J
572 2899 674 2975 ulers,
691 2906 726 2962 et
752 2898 810 2960 alii
835 2905 1016 2978 magnates
1045 2917 1125 2980 par-

177 3001 262 3064 tium
287 2999 437 3076 illarum,
453 2998 567 3080 parati
591 2999 633 3062 ad
660 3018 760 3061 suurn
777 2997 969 3073 servitium,
985 3004 1024 3060 ut
1048 2997 1125 3059 dix-

180 3108 301 3178 erunt3
336 3099 417 3162 dum
452 3106 566 3163 tamen
599 3096 781 3163 conventio
813 3096 907 3160 facta
932 3103 1127 3161 servaretur

179 3200 319 3277 eisdem,
352 3199 523 3276 videlicet,
562 3199 654 3282 quod
694 3198 885 3262 solveretur
919 3197 969 3260 eis
1001 3215 1128 3277 magna

215 3377 225 3410 ¹
241 3380 260 3429 i.
268 3395 292 3429 e.
303 3380 367 3442 July
379 3383 418 3430 16.
700 3374 710 3405 ³
727 3370 851 3438 ‘quibua‚’
867 3376 929 3438 Reg.
941 3376 975 3425 A.
988 3388 1064 3424 xviri.
1147 3408 1149 3412 ι

216 3448 227 3477 ²
244 3451 309 3512 Reg.
320 3451 354 3500 Α.
364 3462 438 3498 xvru.
449 3449 496 3498 has
507 3451 642 3499 ‘videlicet
700 3445 709 3474 ⁴
729 3449 794 3496 Cott.
808 3448 847 3495 Cl.
860 3446 892 3494 E.
905 3447 976 3508 gives
992 3461 1024 3494 an
1035 3446 1130 3494 interli-

183 3521 232 3583 [sie
250 3521 288 3569 for
299 3521 354 3569 ‘vel
362 3517 393 3582 '],
410 3520 550 3569 secundum
569 3521 641 3580 alios,
664 3533 725 3566 near
734 3518 802 3579 gloss
813 3521 838 3566 to
850 3516 921 3565 these
932 3516 1005 3577 lines,
1015 3516 1129 3577 explain·

182 3591 224 3640 die
234 3589 410 3652 praecedente!
664 3589 708 3650 ing
718 3587 786 3637 them
797 3586 872 3644 thus:

195 3677 204 3704 ‘
213 3676 244 3725 Iu
254 3690 319 3724 anno
330 3675 433 3723 Dorum
446 3677 543 3722 uccc⁰¹⁰
552 3673 677 3723 tricesimo
687 3677 785 3734 octavo,

219 3747 329 3807 Scilicet,
341 3744 486 3793 Edwardus
497 3745 585 3792 tertius
597 3758 613 3791 a
623 3748 760 3803 conquestu
771 3743 874 3791 intravit
884 3755 962 3791 mare.

217 3817 248 3864 In
259 3830 324 3864 anno
335 3829 351 3863 a
361 3814 492 3862 nativitate
506 3828 553 3862 sua
562 3813 680 3861 vicesimo
692 3817 773 3874 sexto,
784 3818 810 3861 et
820 3827 884 3860 anno
896 3811 968 3872 regni
980 3811 1020 3859 sui
1030 3813 1109 3872 xum,

218 3887 324 3935 Decimo
335 3885 422 3944 quinto
433 3884 475 3932 die
486 3883 578 3932 mensis
588 3882 606 3932 J
609 3883 655 3931 ulii
666 3883 804 3943 parabatur
816 3883 865 3930 sibi
876 3880 1025 3943 navigium!

183 3982 247 4043 Reg.
269 3981 303 4029 A.
326 3991 399 4028 xvur.
423 3977 488 4026 adds
516 3977 582 4026 aiter
603 3977 644 4026 the
704 3971 902 4036 “Brabantis,’
915 3975 980 4036 Reg.
992 3973 1112 4022 A.xv1u.

183 4051 328 4114 verses,‘Et
337 4051 467 4111 ingressus
475 4061 558 4108 mare3
571 4054 596 4097 et
603 4048 644 4096 die

184 4122 297 4183 sequenti
325 4119 427 4167 intravit
449 4133 527 4179 mare,
548 4119 644 4166 scilicet
704 4114 851 4178 ⁶‘Gelre,'
882 4116 943 4176 Reg.
971 4114 1005 4163 A.
1038 4125 1131 4171 xv111.;

183 4189 404 4250 decimoseptimo
427 4189 549 4238 kalendas
568 4188 644 4250 Julii,
669 4183 1131 4250 ‘Gilre,'Cott.Cl.E.;i.e.Gueldres.

184 4261 320 4311 secundum
333 4259 414 4309 alios!
