2902 4884
322 387 386 452 120
651 406 686 452 n.
711 404 926 453 numerere.

325 705 372 756 DE
394 704 506 756 BELLO
528 706 708 756 centusse
733 708 844 756 INTER
871 706 1113 756 cflnls'l'lauos
1140 706 1187 755 ΕΤ
1218 706 1280 756 SA·

354 808 529 871 RACRNOS,
557 809 601 856 nt*
623 810 670 856 DE
693 809 826 856 LITERA
851 807 1005 856 sennam
1029 804 1246 857 namneum.

164 977 235 1019 neue
195 979 280 1069 mg?-
377 967 506 1031 Eonnn
525 987 628 1046 anno,
645 966 700 1031 die
717 965 880 1030 Omnium
897 965 1101 1030 Sanctorum
1117 933 1281 1031 commis·

165 1033 315 1169 ῦοΞιδῑὶΜ
327 1089 403 1133 sum
421 1076 474 1133 est
496 1088 603 1150 grave
618 1068 746 1132 bellum
763 1068 853 1131 inter
879 1065 1094 1131 Christianos
1111 1074 1147 1132 et
1176 1065 1283 1131 Sara·-

165 1181 226 1220 οὔ
226 1179 302 1220 wuda
328 1188 445 1248 cenos,
462 1168 497 1232 in
515 1169 706 1234 confinibus
722 1168 929 1251 Hyspaniae,
945 1186 1024 1249 quae
1048 1164 1216 1232 Grenada
1229 1166 1283 1231 di*

329 1270 438 1345 eitur3
463 1269 505 1333 de
518 1288 588 1352 quo
604 1269 696 1333 belle
707 1268 858 1352 quidam,
875 1288 935 1351 qur
924 1267 1052 1332 eidem
1070 1267 1161 1333 bello
1178 1267 1284 1333 inter·

329 1370 407 1449 suit,
424 1389 498 1452 regr
488 1368 650 1451 Angliaa
661 1369 822 1451 scripsit
813 1389 848 1432 1n
862 1368 937 1433 haee
951 1369 1078 1433 verba:

374 1469 715 1535 ‘Tres-honourable
740 1476 775 1534 et
801 1469 973 1534 tres-doce
995 1468 1168 1552 seignour,
1195 1480 1286 1535 vous

331 1570 437 1656 plaist
462 1590 484 1635 a
508 1571 625 1636 savoir
648 1590 727 1653 que,
744 1570 777 1633 le
789 1569 873 1654 jour
895 1569 986 1634 Tutz
1008 1568 1124 1634 Seintz
1148 1568 1286 1635 derrein

330 1690 444 1754 passe,
464 1671 495 1735 si
517 1671 613 1737 avnit
632 1670 665 1735 le
681 1671 732 1735 roi
748 1668 969 1753 d'Espaigne,
983 1690 1027 1734 en
1045 1668 1224 1749 Granade,
1240 1690 1286 1737 nn

331 1771 473 1837 bataille
482 1777 600 1836 contre
611 1771 644 1835 le
653 1770 827 1849 Sarazins,
840 1778 875 1835 et
888 1790 952 1854 par
968 1770 1114 1854 lagrace
1128 1768 1171 1834 de
1183 1770 1285 1837 Duru

331 1872 390 1935 fist
413 1871 578 1955 illoeques
604 1871 639 1935 la
660 1871 740 1955 plus
758 1871 834 1935 bele
861 1871 1003 1936 victorie
1028 1890 1072 1956 qe
1092 1869 1157 1950 fut,
1179 1880 1286 1955 grant

332 1979 432 2054 tenps
451 1991 565 2053 passe,
579 1990 638 2035 sur
653 1972 703 2035 les
715 1971 785 2035 ditz
799 1970 977 2036 Sarazins:
994 1990 1016 2035 a
1029 1971 1128 2055 qnele
1141 1972 1286 2038 bataille

332 2071 446 2137 furent
461 2072 554 2135 occis
570 2089 603 2135 v.
620 2072 688 2136 reis
709 2071 881 2147 Sarazins,
898 2079 934 2136 et
956 2088 989 2137 e.
1006 2078 1041 2136 et
1055 2088 1088 2136 n.
1106 2072 1185 2137 mils
1207 2093 1286 2156 per-

334 2172 428 2235 sonis
447 2171 619 2236 Sarazins.
666 2172 721 2251 Et,
738 2172 774 2236 la
788 2172 930 2237 bataille
945 2171 1040 2250 faite,
1057 2171 1090 2235 le
1104 2173 1157 2236 roi
1182 2173 1285 2238 d'Es·

333 2273 459 2356 paigne
486 2280 649 2337 retourne
667 2293 688 2336 a
715 2272 766 2336 les
787 2271 946 2356 pavilons
968 2272 1000 2336 le
1020 2273 1071 2337 roi
1097 2272 1287 2353 Belmarin,

334 2373 370 2457 qi
388 2373 491 2438 estoit
517 2373 695 2438 chevetein
720 2372 763 2437 de
785 2379 880 2437 toutz
895 2373 946 2436 les
972 2371 1143 2450 Sarazin's,
1158 2374 1190 2438 le
1208 2376 1290 2458 quel

336 2475 388 2538 roi
401 2473 562 2556 eschapa‚
573 2481 610 2538 et
621 2492 726 2558 passa
742 2473 778 2538 la
794 2492 867 2536 mer
882 2493 924 2537 en
941 2492 1008 2536 une
1016 2474 1141 2556 petiste
1157 2475 1289 2558 galiot3

336 2580 372 2637 et
399 2573 445 2650 la,
469 2593 512 2638 en
534 2592 588 2637 ses
610 2574 782 2656 pavillons
806 2574 836 2637 si
858 2580 959 2640 treva
979 2573 1081 2639 ledit
1110 2576 1163 2639 rei
1186 2575 1289 2641 d'Es·

336 2674 462 2756 paigne
479 2693 544 2737 une
560 2673 643 2738 bille
659 2675 807 2757 eseripte
824 2694 863 2738 as
887 2674 1006 2738 lettres
1020 2670 1106 2754 d’or‚
1121 2682 1158 2740 et
1178 2678 1289 2742 assela

336 2769 418 2837 d’un
437 2773 509 2838 seal
540 2773 626 2839 d’or.
690 2772 742 2838 La
769 2775 868 2858 quele
898 2774 980 2838 bille
1009 2775 1083 2841 vint
1108 2775 1154 2840 du
1183 2786 1288 2860 grant

337 2873 478 2938 Soudan
494 2874 537 2938 de
553 2874 758 2959 Babileyne,
768 2875 975 2940 comandant
990 2875 1050 2958 q’il
1067 2875 1145 2941 feist
1162 2878 1195 2942 le
1211 2896 1289 2961 pas-

336 2994 421 3056 sage
440 2994 524 3040 sour
541 2974 575 3039 le
599 2975 649 3039 dit
665 2977 717 3039 rei
734 2975 955 3058 d'Espaigne,
973 2982 1009 3040 et
1029 2995 1089 3041 sur
1107 2977 1158 3041 les
1175 2976 1290 3044 Chris-

337 3077 458 3152 tienes,
480 3076 515 3157 qi
534 3075 622 3158 prist
645 3076 756 3158 partie
773 3076 834 3140 des
851 3075 1011 3140 Sarazins
1035 3096 1057 3140 a
1074 3076 1290 3145 Rauneoun:

338 3193 376 3239 se
393 3172 450 3240 fist
471 3190 519 3240 un
541 3176 583 3240 de
610 3175 771 3240 Sarazins
794 3177 979 3241 translator
1004 3176 1039 3240 la
1059 3177 1130 3241 dite
1146 3180 1229 3245 bille
1247 3200 1290 3245 en

339 3275 455 3353 Latin,
472 3284 507 3340 et
524 3276 602 3359 puis
624 3276 688 3341 fnit
709 3277 761 3341 ele
780 3277 947 3341 translate
964 3296 1007 3340 en
1024 3276 1241 3361 Espaignelf,
1256 3290 1292 3348 et

339 3375 581 3458 d'Espaignolf
601 3396 644 3440 en
660 3374 836 3461 Franceys
853 3397 861 3456 ;
896 3377 932 3441 la
948 3377 1047 3459 quele
1064 3397 1224 3446 comenee
1246 3403 1291 3447 en

340 3483 433 3539 ceste
450 3496 609 3541 manere:

214 3597 262 3677 οπο
284 3583 328 3626 οοό
391 3577 459 3641 ‘Di
485 3577 555 3640 moi
587 3576 767 3642 Soldisaun
800 3580 856 3662 ley
885 3581 1002 3644 exarat
1024 3579 1163 3645 Soudan
1186 3593 1292 3664 grant

242 3665 247 3675 ’
340 3676 513 3759 seigneur,
533 3696 628 3760 sage,
655 3678 734 3757 fort,
762 3687 798 3744 et
820 3680 978 3763 puissant
1003 3681 1167 3762 seigneur
1187 3683 1293 3752 dela

341 3777 474 3841 maison
489 3778 530 3841 de
549 3777 653 3841 Meke
677 3778 723 3841 du
748 3780 838 3845 seint
864 3780 1054 3857 Mahomet,
1068 3782 1238 3864 puissent,
1257 3796 1293 3852 'et

342 3878 472 3942 ereiant
488 3898 531 3941 en
548 3878 659 3942 lasne
676 3878 850 3958 hautesee‚
868 3888 903 3944 et
921 3902 964 3946 en
979 3882 1015 3946 la
1031 3900 1093 3945 sue
1110 3883 1201 3949 seint
1215 3903 1290 3951 ver-

342 3984 392 4054 tu,
409 3977 536 4043 faisant
560 3978 705 4062 justices
729 4000 768 4044 as
791 3981 914 4046 hautes
943 3988 978 4047 et
999 3983 1129 4060 bassas,
1147 3991 1183 4048 et
1209 3998 1292 4052 con-

341 4078 533 4159 streignant
561 4098 642 4142 seur·
669 4088 764 4144 toutz
793 4084 1100 4165 constreignaunz3
1129 4085 1294 4167 seigneur

340 4178 387 4240 du
408 4178 549 4242 roialme
571 4179 612 4243 de
630 4179 771 4263 Turkye
789 4189 823 4245 et
841 4183 884 4247 de
905 4183 1037 4262 Pereie,
1055 4192 1216 4252 retenour
1230 4188 1293 4254 des
