2902 4884
322 409 366 474 38
657 429 691 476 n.
712 427 927 475 uunrnurn.

162 605 276 644 mesces
325 585 421 648 Scoti
443 591 478 648 et
501 582 726 648 ¹invenerunt
751 603 865 665 regem
888 582 923 645 in
945 582 1095 665 quodam
1121 580 1198 646 loco
1223 581 1276 646 fo-

164 655 235 704 nearly
244 657 294 694 tetre

165 705 256 766 reward
328 692 430 749 restae
452 685 495 748 de
521 683 740 760 Blakemore,
764 693 799 748 et
817 682 1009 746 eirruentes
1035 683 1072 746 in
1098 702 1213 764 regem
1241 692 1277 747 et

164 759 290 845 hilddl
328 805 409 849 suos
444 803 585 867 gravem
610 785 776 848 insultum
804 783 984 858 dederunt,
1020 783 1071 847 ita
1093 783 1186 866 quod
1211 802 1275 845 rex

166 858 245 896 m
329 906 408 950 cum
432 884 504 949 suis
529 885 770 949 secretioribus
787 885 849 949 vix
874 884 1005 957 evasit;
1032 892 1068 947 et
1089 882 1183 965 capti
1204 881 1276 946 sue

328 994 409 1050 runt
428 1005 490 1068 per
506 986 629 1049 Scotos
654 1004 768 1049 comes
792 983 1032 1050 Richmundiee
1058 990 1094 1047 et
1115 983 1276 1047 dominus

328 1086 371 1150 de
388 1084 552 1168 Sylliaco‚
565 1086 712 1148 nuncius
733 1084 825 1166 regis
842 1084 1013 1162 Franciae,
1028 1090 1063 1148 et
1085 1083 1185 1148 multi
1202 1082 1274 1146 elii.

331 1186 431 1250 Unde
452 1184 559 1262 Scoti,
584 1205 646 1267 per
665 1193 773 1249 totam
803 1184 951 1267 patriam
972 1183 1211 1265 depraedantes
1241 1189 1277 1246 et

329 1286 568 1350 comburentes
585 1304 694 1368 usque
712 1285 755 1348 ad
773 1284 979 1360 Eboracum,
996 1282 1169 1366 permulta
1185 1282 1295 1354 mula,

329 1387 482 1449 fecerunt
500 1404 609 1467 usque
634 1384 677 1449 ed
694 1385 810 1449 villam
828 1384 870 1448 de
887 1381 1080 1465 ³Riponus,
1097 1391 1133 1447 et
1149 1382 1277 1447 multos

330 1485 473 1550 clericos
495 1485 688 1566 collegiatae
709 1484 863 1550 ecclesiae
888 1491 923 1548 et
939 1483 1043 1547 etiam
1061 1483 1168 1548 laicos
1185 1481 1276 1548 occi·

329 1586 469 1666 dentes3
508 1585 568 1650 sed
602 1586 637 1648 in
666 1585 751 1650 villa
786 1584 830 1647 de
858 1583 1070 1648 ³Beverluco
1108 1583 1277 1646 neminem

330 1685 540 1763 occiderunt,
579 1685 661 1768 quia
685 1705 749 1768 pro
775 1701 873 1748 cccc.
896 1684 993 1748 libris
1019 1703 1057 1748 se
1089 1684 1278 1766 burgenses

330 1794 365 1850 et
391 1786 548 1850 canonici
570 1785 806 1865 redemerunt;
833 1793 868 1850 et
889 1784 939 1848 sic
956 1783 1050 1848 Scoti
1066 1794 1209 1867 propter
1224 1783 1277 1846 in·

330 1893 477 1949 stantem
497 1885 642 1948 hiemem
659 1884 843 1950 redierunt.

383 1985 462 2049 Hoc
479 2005 571 2050 anno
586 1984 668 2049 secit
684 1984 842 2048 dominus
859 2003 921 2049 rex
938 1982 1077 2065 Angliae
1103 1981 1277 2047 dominnm

331 2083 506 2148 Andream
528 2085 571 2149 de
595 2084 752 2168 Herkley
770 2085 928 2149 comitem
956 2078 1217 2160 Carliolenseni,
1242 2091 1278 2148 et

331 2184 497 2268 quasdam
534 2193 644 2250 terras
676 2184 712 2248 in
746 2185 899 2249 marchia
925 2183 1051 2248 Scotiee
1080 2182 1146 2247 sibi
1173 2182 1278 2247 dedit.

170 2305 273 2344 Drathot
333 2284 413 2349 Hoc
440 2305 530 2350 anno
559 2293 715 2350 mortuus
737 2286 804 2350 suit
825 2305 887 2348 rex
908 2284 1065 2348 Franciae
1083 2282 1278 2366 Philippus,

171 2356 240 2404 Philip
245 2356 270 2395 V.
278 2357 320 2395 und

170 2407 308 2496 {mppr
333 2385 424 2448 filius
447 2385 613 2470 Philippi,
641 2386 696 2450 cui
724 2385 890 2449 successit
919 2385 955 2447 in
983 2403 1090 2465 regno
1108 2379 1281 2447 ‘Carolus

171 2507 288 2547 orrunce.
333 2485 440 2549 frater
459 2485 545 2569 ejus
562 2486 622 2569 qui
642 2485 707 2550 fuit
726 2487 820 2569 prius
837 2504 951 2549 comes
968 2482 1136 2548 Marcbiae
1159 2479 1281 2567 ⁵juxta

334 2585 553 2649 Vasconiam.
607 2585 764 2650 Heredes
793 2585 896 2649 etiam
920 2594 956 2649 et
982 2603 1109 2648 uxores
1128 2583 1280 2647 omnium

332 2685 603 2762 interfectorum,
634 2694 673 2750 ut
700 2687 862 2768 praemisi,
887 2691 922 2748 et
950 2691 1203 2748 carceratorum
1229 2683 1281 2747 in·

333 2787 610 2862 carcerabantur,
625 2794 660 2850 et
680 2796 781 2850 extra
806 2785 1039 2867 possessiones
1062 2784 1281 2860 tenebuntur,

334 2894 369 2949 et
398 2905 524 2950 uxores
551 2886 717 2950 indotatae
744 2891 922 2950 manentes
951 2893 1052 2948 extra
1078 2893 1188 2948 terras
1216 2883 1282 2948 sibi

334 2985 474 3068 propria
496 2987 712 3050 successione
736 2985 868 3049 debitas
890 2984 1109 3060 tenebantur,
1128 2991 1283 3067 tempore

334 3085 418 3149 dicti
464 3087 566 3169 regis.
636 3085 717 3150 Hoc
753 3104 844 3149 anno
885 3083 909 3148 J
912 3084 1064 3148 ohannes
1100 3083 1283 3166 episcopus

336 3185 581 3269 Norwycensis
609 3186 758 3250 inhibuit
780 3185 843 3248 sub
871 3204 976 3266 poenu
1007 3183 1283 3248 excommunica-

336 3286 452 3362 tioniS,
493 3306 536 3349 ne
569 3305 675 3350 causa
709 3286 744 3348 in
780 3285 926 3349 ecclesia
963 3304 1028 3348 sua
1055 3283 1283 3368 Norwycensi

334 3384 413 3448 inde
429 3385 660 3450 celebraretur
673 3386 708 3448 in
726 3384 781 3448 die
797 3392 927 3448 sancte
942 3373 1152 3448 Trinitatis.⁶

371 3607 378 3635 ¹
395 3609 449 3658 The
468 3611 530 3674 king
548 3628 603 3661 was
621 3613 750 3673 surprised
772 3617 798 3661 at
858 3610 867 3638 ⁴
883 3613 901 3662 i.
909 3629 933 3663 e.
945 3612 1050 3662 Chnrles
1061 3611 1108 3662 IV.

334 3679 431 3740 dinner,
448 3681 474 3728 in
490 3682 532 3730 the
544 3681 683 3732 Cistercinn
700 3697 798 3731 monas·

334 3754 389 3810 tery
400 3751 428 3798 of
436 3751 510 3800 Bella
522 3752 619 3813 Lenda,
632 3753 649 3800 i.
659 3767 681 3802 e.
695 3753 798 3814 Biland,
857 3750 867 3780 ⁶
884 3751 1097 3814 ‘Vasconiensis,’
1108 3749 1194 3801 Hcll'r
1209 3753 1285 3814 MS.;

334 3821 469 3882 according
481 3826 507 3869 to
524 3823 635 3884 Higden,
647 3837 689 3882 ap.
701 3822 799 3885 Knigh-
823 3823 858 3871 nll
869 3822 911 3871 the
922 3823 993 3871 other
1003 3822 1079 3872 MSS.
1091 3836 1120 3871 us
1131 3823 1158 3870 in
1169 3824 1211 3871 the
1223 3828 1284 3874 text.

334 3896 385 3950 ton,
396 3894 469 3940 2541.

370 3955 380 3984 ²
396 3961 567 4021 ‘insilientes'
579 3957 661 4010 Hnll‘r
681 3964 717 4010 ed.
754 3962 798 4009 All
857 3958 868 3990 ⁶
883 3962 936 4010 The
949 3962 1085 4023 preceding
1102 3967 1228 4023 sentence,
1242 3964 1287 4012 be·

335 4030 376 4077 the
408 4030 484 4081 MSS.
512 4031 575 4080 have
600 4033 641 4080 the
672 4033 743 4080 word
772 4034 798 4079 in
823 4033 926 4093 ginning
948 4032 1026 4080 ‘lloc
1051 4046 1116 4079 enno
1139 4028 1288 4096 lohannes:

335 4101 376 4148 the
389 4105 449 4149 text.
823 4102 869 4151 dcc.
882 4117 970 4151 occurs
990 4103 1015 4149 in
1032 4117 1064 4149 no
1083 4101 1154 4150 other
1170 4103 1227 4154 MS.
1240 4105 1288 4153 but

331 4168 381 4286 .H³
397 4165 522 4288 ‘sslgppne'
546 4171 595 4219 and
619 4171 798 4233 ‘Beverleye,’
824 4173 850 4219 in
862 4173 916 4221 thot
927 4172 955 4220 ol
966 4174 1032 4221 Cott.
1050 4173 1088 4220 Cl.
1101 4173 1132 4222 Ε.
1144 4186 1203 4224 vul.

365 4255 402 4288 nr.
481 4277 487 4288 .
