2902 4884
546 435 767 483 eunorucorv.
1063 422 1128 488 117

177 591 303 668 semus,
322 590 538 656 concordiam
557 599 592 655 et
612 591 797 656 amicitiam
822 613 899 659 cum
927 594 1019 660 dicto
1046 617 1263 680 regenerave-

178 691 335 756 Franciae
349 693 598 770 contraximus,
616 701 650 757 et
667 693 829 759 unionem
844 695 1025 778 inivimus3
1140 671 1267 764 ilidii.

221 791 530 875 ‘Vicariatumque
556 793 619 858 tibi
642 813 704 875 per
730 814 793 860 nos
822 796 1053 877 commissum,
1082 818 1127 862 ex

178 893 293 957 causis
308 894 547 958 revocavimus
564 895 778 977 praenotatis.

226 992 321 1057 ‘Pro
338 993 437 1058 firmo
454 995 604 1060 sciturus
619 994 712 1077 quod
727 996 764 1059 in
780 995 985 1062 tractatibus
1000 1000 1127 1064 nostris

176 1093 225 1157 sic
252 1094 315 1158 tibi
339 1093 489 1159 fraterne
520 1094 745 1178 providimus,
771 1096 862 1179 quod
885 1094 941 1182 (si
975 1099 1127 1164 consiliis

176 1194 304 1258 nostris
327 1194 520 1259 consentire
547 1191 716 1278 volueris)
738 1214 845 1260 causa
865 1203 927 1261 tua
951 1198 994 1262 ad
1026 1199 1127 1263 finem

175 1295 313 1374 bonum,
329 1295 501 1359 mediante
516 1301 634 1360 nostro
650 1296 793 1373 auxilio,
810 1294 1026 1379 perducetur.

223 1394 355 1479 ‘Super
376 1401 470 1460 tuam
494 1395 680 1460 amicitiam
701 1403 821 1461 nostra
845 1397 1036 1463 intentione
1057 1400 1127 1482 ple-

176 1495 254 1559 nius
270 1495 521 1560 informandam
532 1495 730 1578 religiosum
745 1497 867 1574 virum,
881 1497 1022 1563 fratrem
1036 1500 1125 1564 Ebe-

176 1594 350 1674 tbardum,
361 1597 523 1661 lectorem
540 1596 670 1660 ordinis
688 1596 849 1660 Fratrum
870 1596 1126 1664 Heremitarum

176 1696 287 1761 sancti
303 1696 504 1780 Augustini,
523 1697 707 1780 specialem
724 1703 852 1761 nostrae
871 1699 975 1762 curiae
993 1697 1127 1783 1capel-

175 1795 306 1876 lanum,
321 1805 391 1862 tuae
417 1797 626 1862 fraternitati
648 1796 920 1874 transmisimus;
949 1819 1051 1883 quem
1066 1821 1126 1883 pe·

176 1896 292 1976 timus,
315 1917 419 1982 super
450 1898 636 1980 praemissis
662 1898 817 1963 celeriter
844 1899 1042 1982 expeditum
1074 1922 1126 1966 re·

173 1997 276 2062 mitti.

229 2099 391 2162 ‘Datum
410 2095 735 2163 ²Francnens0rdiae
765 2115 892 2164 xxrur.
920 2100 975 2164 die
1000 2103 1127 2166 mensis

176 2195 199 2260 J
202 2198 285 2276 unii,
296 2198 392 2282 regni
408 2200 516 2264 nostri
535 2219 626 2263 anno
640 2215 744 2263 xxvr.
758 2199 892 2281 imperii
906 2219 987 2265 vero
1003 2201 1127 2267 ΜΠ]3

191 2441 405 2490 RESPONSUM
434 2443 540 2491 REGIS
563 2441 708 2492 ANGLIAE
730 2440 778 2486 AD
806 2438 958 2488 EUNDEM
985 2440 1109 2488 DUGEM

173 2541 176 2545 ¹
556 2541 736 2590 BAVARIAE.

177 2745 182 2750 -
224 2705 493 2790 ‘Sunuurssrno
518 2703 663 2787 principi
684 2703 821 2767 domino
838 2701 1035 2780 Lodowico,
1054 2702 1124 2765 Dur
1138 2727 1245 2766 rivas-⁸

174 2807 299 2888 gratia,
324 2807 560 2871 Romanorum
578 2803 784 2888 Imperatori
802 2821 937 2884 semper
954 2777 1269 2883 August0,ltllb‘lf¹¹⁶

175 2906 366 2972 Edwardus
383 2907 501 2971 eadem
518 2905 643 2988 gratia,
661 2925 723 2968 rex
740 2903 897 2968 Franciae
915 2908 950 2966 et
974 2899 1124 2984 Angliae,
1197 2970 1200 2975 ,

172 3014 208 3071 ct
226 3007 386 3072 dominus
402 3007 594 3083 Hiberniae,
619 3006 778 3082 salutem,
791 3010 826 3067 et
843 3001 969 3067 votivis
991 3021 1125 3084 semper

172 3108 388 3172 successibus
405 3107 585 3190 gratulari.

223 3208 448 3273 ‘Serenitatis
473 3214 599 3272 vestrae
623 3205 741 3270 literas
769 3209 965 3268 reverenter
994 3202 1123 3286 recepi-

172 3328 261 3386 mus,
295 3309 385 3374 inter
429 3308 499 3373 alia
540 3305 768 3380 continentes
796 3304 897 3387 ·quod
938 3304 1125 3385 praeclarus

173 3408 355 3492 Philippus
373 3409 415 3473 de
438 3408 592 3484 Valesio,
606 3406 648 3469 ad
668 3404 884 3470 tractandum
902 3405 1072 3469 internos
1089 3411 1125 3468 et

171 3509 282 3591 ipsum
307 3510 537 3586 concordiam,
558 3506 652 3571 dedit
672 3506 783 3582 vobis,
801 3505 845 3569 ad
868 3505 1122 3587 requisitionem

173 3616 336 3687 vestram,
358 3611 429 3673 suis
444 3609 552 3675 literis
579 3613 808 3690 potestatem
837 3613 872 3670 et
895 3599 940 3689 (si
971 3605 1123 3687 placeret

171 3710 270 3774 nobis
303 3717 510 3793 potestatem
544 3706 739 3793 hujusmodi
761 3706 860 3770 vobis
886 3706 982 3789 dare)
1001 3705 1122 3769 libenti

204 3959 212 3990 ¹
230 3961 403 4025 ‘capitulum’
414 3961 475 4010 MS.
657 3957 730 4019 bury,
748 3960 789 4017 90,
807 3960 832 4003 et
849 3970 902 4016 seq.
940 3954 989 4001 For
1005 3953 1047 4001 the
1065 3952 1120 4001 her-

658 4026 810 4075 mit-monk's
829 4040 902 4072 name
921 4024 1054 4084 Avesbury
1074 4023 1120 4072 has

204 4064 215 4097 Β
232 4067 239 4094 ί
250 4063 475 4133 Fauchfflfffldiael
485 4063 545 4112 MS'
658 4096 852 4145 ‘Eliarhardum
861 4095 876 4154 ;'
889 4095 968 4142 Wals.
981 4094 1120 4142 ‘Edward-

206 4169 281 4221 ³See
299 4169 348 4219 this
365 4170 391 4217 in
412 4169 513 4229 Rymer,
528 4183 553 4217 v.
568 4170 632 4224 262;
659 4184 701 4216 um
712 4168 727 4228 ;'
749 4166 799 4215 and
816 4167 909 4226 Rymer
928 4164 1120 4214 ‘Eberardum'

170 4242 367 4304 Walsingharn,
382 4243 438 4303 145,
462 4240 525 4299 1463
554 4237 634 4286 Aves·
658 4239 711 4288 The
723 4238 781 4286 date
793 4237 818 4285 in
830 4236 872 4287 the
883 4236 957 4284 latter
967 4235 991 4285 is
998 4235 1067 4284 June
1078 4239 1119 4285 25.
