2902 4884
326 406 391 471 118
663 425 698 471 A.
723 423 938 472 uunrnunu.

164 594 299 690 ffi'bff’in
327 583 497 648 vacaretis
529 581 644 646 auimo
675 582 720 647 ad
754 583 878 647 bonam
920 580 1137 647 concordiam
1175 580 1286 648 reior-

164 659 268 751 niryeror·
327 684 501 748 mandum.

379 785 444 852 ‘Et
459 784 551 868 quod
567 783 730 862 amicitia,
747 784 917 848 intervos
937 788 972 846 et
996 781 1180 866 praelatum
1198 781 1285 847 Phi·

329 885 461 968 lippum
478 885 576 962 inita,
594 885 733 949 minime
752 904 815 949 nos
831 889 1009 958 moveret3
1037 902 1117 949 uam
1135 902 1183 949 ex
1201 903 1284 967 quo,

330 986 405 1050 sine
422 985 511 1051 scitu
534 993 569 1050 et
591 1004 735 1050 assensu
750 992 879 1062 vestro,
897 991 1040 1066 treugas
1058 1002 1099 1049 ac
1116 984 1287 1049 terminos

331 1085 376 1150 ad
395 1086 614 1151 tractandum
631 1087 673 1151 de
694 1105 780 1168 pace
797 1086 889 1150 inter
910 1105 973 1150 nos
993 1091 1028 1149 et
1052 1083 1183 1149 dictum
1200 1083 1287 1149 Phi-

330 1186 462 1269 lippum
486 1187 693 1270 accepimus,
715 1187 843 1253 dictam
867 1184 1053 1251 amicitiam
1075 1204 1154 1249 oum
1176 1204 1220 1250 eo
1242 1184 1288 1250 de

332 1286 476 1351 consilio
502 1286 696 1370 principum
716 1295 921 1364 vestrorum,
936 1285 1062 1369 quibus
1077 1285 1190 1350 visum
1211 1285 1288 1352 fue·

332 1387 378 1452 rit
394 1387 486 1470 quod
500 1387 577 1466 hoc,
594 1387 693 1453 salvo
705 1386 835 1452 bonore
853 1395 980 1466 vestro,
996 1387 1143 1471 possetis
1159 1385 1288 1466 faeere,

335 1488 580 1554 contraxistis:

384 1587 623 1655 ‘vicariatum
645 1588 745 1653 nobis
765 1607 905 1672 perros
922 1606 1123 1654 muccosum
1146 1593 1292 1671 propter

334 1688 399 1754 boc
416 1696 631 1755 revocantes.
683 1688 730 1755 Et
747 1688 885 1774 quidem
911 1689 1024 1754 zelum
1040 1687 1132 1753 hunc
1151 1687 1287 1773 [quem]

334 1790 469 1854 habetis
493 1790 537 1855 ad
562 1789 756 1855 faciendum
782 1790 910 1855 dictam
930 1788 1164 1867 concordiam,
1179 1789 1291 1873 pluri-

335 1909 430 1953 mum
453 1890 731 1955 commendamus
747 1909 756 1968 ;
781 1891 934 1957 volentes
948 1895 1075 1956 vestrae
1088 1897 1212 1973 patere
1227 1910 1290 1954 no·

336 1990 422 2053 titiae
439 1990 529 2073 quod
553 2010 617 2055 nos
642 2009 762 2072 pacem
787 1990 1027 2056 rationabilem
1056 1989 1184 2054 habere
1211 2008 1290 2055 cnm

336 2088 430 2155 dicto
457 2089 619 2174 Philippo
646 2110 781 2174 semper·
814 2091 1010 2174 optavimus
1043 2096 1080 2155 et
1106 2096 1289 2173 optamns3

336 2209 454 2272 quam,
472 2189 541 2273 1[in
569 2189 753 2278 quantum]
780 2190 907 2269 decuit,
922 2209 1041 2256 sumus
1063 2209 1141 2255 cum
1159 2191 1292 2257 instau-

337 2292 389 2355 tia
402 2292 587 2374 prosecuti.

388 2391 458 2457 ‘Et
479 2412 515 2456 re
531 2411 614 2457 vera
637 2392 793 2458 votivum
815 2391 912 2457 nobis
938 2390 1027 2456 foret
1046 2392 1233 2457 admodum
1257 2400 1292 2459 et

339 2499 530 2573 acceptum,
547 2493 578 2555 si
601 2498 719 2575 posset
742 2492 816 2556 lieri
838 2511 899 2575 per
918 2492 1008 2556 tanti
1029 2492 1229 2557 mediatoris
1244 2493 1293 2557 in·

338 2592 500 2656 stantiam
523 2610 597 2675 pax
627 2599 770 2676 optata3
795 2592 854 2655 sed
877 2591 959 2674 quia
982 2591 1109 2656 scimus
1126 2592 1188 2678 jus
1212 2613 1292 2659 nos·

339 2699 430 2756 trum
455 2691 490 2756 in
514 2712 620 2774 regno
641 2692 798 2757 Franciae
824 2693 910 2757 satis
931 2692 1074 2771 clarum,
1089 2693 1188 2785 illud?
1201 2694 1292 2758 arbi·

339 2791 407 2857 trio
438 2791 553 2871 dubio,
584 2813 653 2858 non
687 2792 910 2876 proponimus
937 2792 1062 2858 ducere
1092 2793 1198 2859 alicui
1233 2815 1295 2879 per

340 2891 459 2958 literas
475 2898 613 2958 nostras
628 2894 920 2959 committendum.

385 2992 541 3059 ‘Verum
574 2995 655 3059 dum
687 3001 821 3059 attenta
850 2994 1072 3059 meditatione
1109 3012 1295 3078 pensamus

342 3094 492 3178 qualiter
506 3101 623 3160 vestra
648 3095 877 3160 consideratio
899 3095 1158 3179 circumspecta,
1174 3096 1294 3161 videns

239 3259 240 3263 ,
343 3202 519 3278 patentem
558 3202 711 3261 nostram
743 3195 930 3277 justitiam,
960 3202 995 3260 et
1024 3195 1108 3262 dicti
1137 3195 1293 3281 Philippi

342 3294 506 3359 duritiam
520 3296 727 3360 obstinatam
741 3302 777 3360 et
793 3295 967 3381 iujuriam,
982 3297 1160 3361 nobiscum
1173 3305 1296 3363 contra

344 3394 474 3459 dictum
497 3395 697 3478 Philippum
723 3397 829 3463 vestri
854 3397 969 3478 gratia
993 3397 1100 3479 ligam
1127 3396 1210 3462 fecit
1236 3416 1294 3463 va·

343 3494 396 3558 lut
423 3495 458 3559 in
474 3496 658 3578 specialem
684 3495 879 3578 adoptionis
903 3496 1023 3574 filium,
1039 3497 1081 3560 de
1102 3496 1296 3563 dilectionis

344 3595 569 3661 exuberantia
595 3615 659 3660 nos
681 3596 877 3674 admittens,
904 3604 944 3661 ut
966 3616 1043 3661 cnm
1069 3616 1156 3681 pace
1181 3605 1297 3663 vestra

343 3696 535 3778 loquamur,
551 3696 668 3759 mirari
692 3716 760 3761 non
781 3695 967 3761 sufficimus
983 3698 1075 3780 quod
1099 3705 1296 3782 praepotens

344 3791 460 3861 vestra
473 3797 678 3873 sublimitas,
693 3817 772 3880 qnae
783 3797 827 3861 ad
838 3797 974 3861 laudem
984 3799 1164 3876 bonorum,
1176 3804 1212 3863 et
1224 3800 1296 3864 vin·

344 3896 469 3961 dictam
482 3897 662 3972 malorum,
673 3904 726 3961 est
737 3897 901 3963 divinitus
914 3898 1086 3976 instituta,
1101 3906 1225 3965 contra
1235 3919 1297 3965 nos

345 3996 507 4081 Philippo
522 3997 716 4082 injuriatori
730 4006 848 4063 nostro
865 3999 1000 4065 notorio
1016 4020 1052 4063 se
1070 3999 1205 4082 ligavit.

521 4224 530 4256 ¹
549 4228 591 4274 ‘in
608 4222 746 4289 quautum,’
764 4228 853 4291 Rama
871 4229 1034 4293 ‘nunquam'
1045 4230 1105 4281 Mn.
