2902 4884
164 583 238 622 Tarm·
247 583 271 622 oi

163 635 200 673 tue
209 638 275 674 truce.

325 389 390 453 140
662 406 697 453 Α.
717 405 933 454 uunruuru.

325 550 418 630 dicta
444 566 538 630 curia
570 565 659 629 infra
687 565 811 630 festum
840 567 950 630 sancti
980 565 1156 633 lobannis
1187 568 1281 652 Bap-

325 668 419 731 tistae
443 667 599 749 proxime
621 666 786 744 futurum,
815 675 850 731 et
873 667 965 750 quod
989 667 1159 751 praedicta
1175 689 1285 753 expe·

326 767 466 831 diantur
486 785 563 831 cum
581 766 652 831 Dm
670 765 854 850 adjutorio,
875 788 935 850 per
951 767 1081 833 dictum
1103 769 1283 834 dominum

325 886 464 951 papam,
498 867 589 931 infra
620 866 746 930 festum
778 867 985 932 Nativitatis
1018 868 1177 947 Donum,
1216 870 1284 935 nisi

325 968 368 1032 de
392 987 560 1032 consensu
586 966 750 1031 nobilium
776 968 1018 1050 praedictorum
1044 970 1150 1034 fuerit
1167 970 1284 1035 termi-

325 1088 390 1132 nus
416 1074 622 1150 prorogatus
638 1093 647 1141 3
672 1068 721 1131 ita
738 1073 853 1131 tamen
868 1068 974 1152 quod,
990 1069 1020 1132 si
1035 1069 1149 1134 dictus
1174 1070 1286 1136 domi·

326 1188 391 1232 nus
419 1187 513 1251 papa
544 1167 777 1250 impediretur,
809 1169 864 1232 vel
892 1189 960 1233 non
998 1178 1116 1252 posset
1152 1190 1284 1252 ponere

326 1268 544 1333 concordiam
575 1268 665 1333 inter
692 1287 790 1350 reges
816 1270 1012 1352 praedictos,
1040 1269 1132 1352 quod
1160 1271 1284 1336 nihilo·

326 1370 439 1433 minus
479 1377 611 1449 treugae
648 1369 773 1432 durent
802 1377 837 1432 et
872 1378 1054 1434 serventur
1083 1391 1195 1454 nsque
1237 1372 1281 1437 ad

327 1478 462 1553 tempus
479 1468 567 1533 infra
583 1469 859 1534 determinatum.

376 1570 506 1649 ‘Item,
534 1571 626 1653 quod
651 1589 696 1633 ex
719 1589 822 1648 nunc,
844 1577 884 1634 ut
902 1569 1068 1653 praedicta
1096 1572 1221 1636 melius
1247 1579 1283 1637 et

326 1670 461 1753 plenius
506 1670 663 1734 effectum
702 1669 827 1734 habere
864 1671 1010 1753 possint,
1049 1672 1283 1738 concedantur

326 1780 458 1854 treugae
475 1791 586 1854 usque
608 1771 651 1834 ad
671 1769 796 1835 festum
818 1771 929 1835 sancti
948 1770 1129 1836 Michaelis
1152 1775 1282 1838 mensis

327 1872 538 1954 Septembris
571 1871 727 1953 proxime
761 1871 927 1949 futurum,
958 1878 993 1935 et
1022 1872 1067 1936 ab
1098 1873 1159 1938 illo
1191 1859 1287 1939 sesto¹

326 1990 435 2055 usque
463 1971 507 2035 ad
541 1971 642 2034 finem
680 1971 816 2035 triennii
852 1971 1004 2036 continui
1033 1974 1192 2055 proxime
1229 1995 1283 2040 se-

326 2072 475 2154 quentis,
507 2092 568 2155 per
596 2071 707 2135 dictos
740 2091 840 2154 reges
870 2072 1027 2136 Franciae
1059 2080 1094 2136 et
1127 2072 1281 2155 Angliae,

326 2192 441 2254 regem
473 2171 611 2250 Scotiae,
642 2172 800 2236 comitem
828 2171 1013 2248 Hanoniae,
1044 2180 1079 2237 et
1116 2173 1281 2256 alligatos

327 2293 459 2355 regum,
485 2273 658 2351 videlicet,
678 2273 852 2337 dominum
868 2273 1061 2338 Johannem
1089 2273 1132 2337 de
1155 2275 1281 2341 Hauo-

326 2375 396 2451 nia,
439 2383 475 2439 et
506 2382 640 2457 gentem
676 2373 860 2450 Flandriae,
902 2374 939 2437 iu
981 2373 1140 2438 omnibns
1179 2377 1281 2441 terris

325 2495 458 2555 regum,
474 2475 649 2551 comitum,
675 2482 710 2537 et
736 2473 955 2556 alligatorum
981 2473 1238 2556 praedictorum,
1260 2496 1282 2542 a

327 2582 480 2656 tempore
502 2574 592 2636 datae
613 2574 834 2655 praesentium
857 2580 1068 2657 treugarum,
1083 2595 1146 2658 per
1167 2583 1281 2643 totum

327 2681 463 2756 tempus
479 2672 681 2754 praedictum
697 2675 887 2738 servandae.

376 2773 502 2849 ‘Item,
530 2773 621 2855 quod
651 2792 712 2836 rex
737 2773 875 2851 Scotiae,
901 2794 1014 2838 comes
1039 2774 1224 2856 Hanuniae‚
1246 2788 1282 2845 et

326 2871 460 2954 alligati
475 2873 643 2936 dictorum
667 2892 798 2954 regum,
818 2875 956 2939 mittent
971 2894 1053 2939 suos
1074 2877 1220 2941 nuncios
1236 2880 1278 2944 ad

326 2973 455 3037 curiam
483 2972 696 3055 praedictam,
736 2993 812 3036 cum
844 2981 1018 3057 potestate
1044 2976 1282 3043 consentiendi

326 3093 366 3136 ac
389 3073 558 3151 firmandi,
576 3075 762 3138 secundum
787 3082 974 3139 tractatum
995 3075 1143 3140 fiendum
1163 3096 1280 3144 coram

326 3174 418 3237 dicto
440 3173 578 3238 domino
601 3194 703 3257 papa,
721 3175 939 3258 inquantum
966 3196 1025 3240 eos
1049 3177 1174 3258 tangit,
1189 3178 1280 3244 infra

326 3275 415 3338 diem
433 3275 637 3356 praedictum
664 3276 775 3338 sancti
803 3274 987 3340 lobannis,
1040 3277 1139 3340 Etsi
1171 3279 1279 3363 aliqui

326 3395 443 3439 eorum
471 3376 607 3438 mittere
629 3375 824 3451 noluerunt,
855 3383 996 3459 propter
1028 3377 1093 3441 hoc
1122 3397 1192 3443 non
1228 3400 1282 3445 re·

327 3475 519 3540 tardabitur
534 3475 712 3555 negotium
729 3476 950 3540 antedictum.

377 3576 501 3651 ‘Item,
527 3575 618 3656 quod
640 3574 741 3638 dictae
772 3583 904 3659 treugae
931 3586 1114 3641 serventur
1141 3577 1177 3640 in
1203 3577 1283 3642 Bri·

328 3677 446 3742 tannia
490 3675 580 3738 inter
620 3695 719 3757 reges
765 3677 948 3759 praedictos
992 3685 1028 3740 et
1065 3676 1282 3744 adhaerantes

327 3777 466 3853 eisdem,
488 3774 593 3839 etiam
623 3776 651 3839 si
672 3776 732 3859 jus
759 3777 796 3840 in
821 3777 949 3841 ducatu
978 3797 1015 3840 se
1041 3777 1167 3841 habere
1192 3799 1282 3861 prae-

328 3878 480 3944 tendant.
538 3875 640 3951 Item,
663 3877 755 3958 quod
781 3878 905 3940 civitas
923 3877 1130 3943 Venetensis
1157 3879 1281 3963 recipi·

328 3987 407 4045 atur
433 3979 469 4040 in
498 3977 655 4041 manibus
686 3977 854 4040 dictorum
880 3978 1094 4042 dominorum
1123 3979 1283 4045 cardina·

329 4080 423 4157 lium,
439 4076 587 4144 tenenda
614 4077 749 4140 nomine
772 4077 900 4140 domini
924 4098 1023 4161 papae
1053 4098 1203 4161 percos,
1221 4090 1284 4145 aut

329 4182 472 4249 altorum
509 4177 672 4259 ipsorum,
711 4196 780 4239 uno
812 4177 1008 4255 decedente,
1045 4178 1098 4242 vel
1141 4179 1282 4245 nolente
