2902 4884
165 534 270 575 Pdwsrd't

163 587 224 626 letter
232 591 254 626 to
265 586 301 627 the

162 648 221 687 1³⁰9*
244 666 248 674 ·

324 341 389 405 148
668 359 702 407 A.
719 357 933 406 uunrrruru.

325 537 460 600 cunque
493 516 572 602 jure
605 517 661 581 vel
697 517 801 580 titulo
832 516 921 599 [vel]
959 516 1076 580 colore
1106 515 1282 598 pertinen-

326 619 437 691 tibus;
471 616 514 680 de
540 618 678 700 quibuS,
711 618 802 681 inter
828 636 898 680 nos·
917 623 952 680 et
975 615 1105 680 dictum
1145 614 1281 699 Philip·

325 738 419 802 pum,
467 717 687 782 dissentionis
729 718 784 781 vel
830 716 1076 782 controversiae
1132 716 1281 780 materia

325 827 377 883 est
404 819 557 895 suborta,
576 818 630 882 vel
653 819 780 901 poterit
806 817 965 880 suboriri.
1018 815 1071 880 Ac
1090 815 1200 880 etiam
1227 817 1280 881 iu-

324 939 428 1002 super
461 919 629 982 universis
657 925 693 982 et
723 918 878 999 singulis¹
896 916 1158 999 quaestionibus,
1199 936 1280 999 que-

325 1020 418 1096 relis,
436 1019 692 1096 controversiis,
709 1018 846 1094 arostis,
862 1016 1053 1094 domandis,
1070 1023 1105 1080 et
1123 1013 1278 1094 'delatis

326 1119 518 1183 actionibus
546 1119 710 1194 realibus,
737 1118 987 1200 personalibus,
1016 1124 1121 1198 atque
1146 1117 1278 1193 mixtis,

325 1239 367 1283 ac
382 1218 500 1282 litibus
515 1225 551 1281 et
566 1219 794 1300 processibus,
805 1237 909 1300 super
924 1216 977 1280 bis
993 1216 1278 1299 dependentibus,

322 1339 403 1402 ,quae
423 1326 543 1382 mutuo
567 1325 778 1400 competunt,
799 1319 855 1382 vel
881 1323 1075 1401 competere
1099 1325 1277 1399 poterunt.

327 1419 472 1484 Necnon
495 1439 599 1501 super
623 1419 781 1483 omnibus
811 1418 944 1482 damnis
974 1424 1009 1482 et
1034 1417 1172 1501 injuriis
1198 1417 1277 1483 binc

325 1520 416 1595 inde,
441 1520 562 1584 tamin
581 1527 672 1582 terra
696 1539 799 1601 quam
817 1520 851 1582 in
871 1519 971 1594 mari,
988 1518 1080 1582 datis
1097 1525 1133 1583 et
1157 1518 1277 1596 illatis,

324 1639 367 1684 ac
383 1620 544 1704 expensis
562 1627 597 1682 et
621 1620 786 1683 interesse
801 1639 879 1701 quae
897 1619 992 1699 exigi
1015 1625 1181 1702 poterunt
1198 1619 1277 1683 binc

325 1721 414 1787 inde.
466 1721 513 1784 Et
534 1719 739 1802 generaliter
756 1739 860 1801 super
882 1719 1038 1783 omnibus
1056 1718 1278 1783 dissentioni·

325 1822 390 1884 bus
418 1828 452 1883 et
494 1839 695 1901 guerrarum
722 1818 1006 1883 commotionibus
1034 1819 1123 1883 inter
1150 1839 1215 1883 nos
1244 1827 1278 1884 et

326 1917 671 2002 ipsumtl'hilippum
698 1920 869 1983 subortis:
897 1927 932 1982 et
963 1927 1033 1982 tam
1057 1938 1163 2001 super
1191 1939 1279 2002 prae·

328 2020 421 2083 dicto
447 2039 567 2100 regno,
590 2028 624 2083 et
647 2020 727 2104 jure
745 2021 844 2084 nobis
866 2018 909 2083 ad
932 2018 1061 2082 dictum
1079 2038 1226 2100 regnum
1244 2027 1279 2084 et

329 2139 490 2183 coronam
524 2120 682 2184 Franciae
717 2129 943 2202 competente,
963 2138 1066 2201 quam
1099 2120 1277 2201 praedictis

330 2220 510 2296 universis,
528 2220 817 2296 concordandum,
843 2218 1122 2302 ³pecificandum,
1138 2239 1278 2304 compo·

328 2321 488 2398 nendum,
518 2320 790 2400 transigendum,
805 2328 840 2383 et
863 2339 981 2402 pacem
1006 2328 1222 2402 perpetuam,
1243 2330 1279 2385 et

328 2420 464 2484 finalem
495 2420 712 2483 concordiam
743 2421 940 2497 ineundum,
963 2420 1029 2502 [et]
1054 2438 1095 2482 ea
1124 2440 1204 2503 quae
1228 2421 1278 2484 sic

327 2527 518 2590 contrecta,
546 2520 766 2595 concordata,
792 2529 908 2602 pacta,
935 2520 1139 2601 composita,
1167 2529 1279 2585 trans-

328 2628 419 2695 acta,
434 2617 489 2682 ⁴et
505 2619 604 2696 inita,
623 2619 696 2683 fieri
714 2620 839 2684 debeat
853 2621 888 2683 iu
908 2620 971 2683 hac
989 2628 1089 2701 parte
1104 2621 1277 2703 stipulan-

327 2718 407 2781 dum
434 2726 469 2782 et
488 2717 731 2800 recipiendum.
784 2721 830 2784 Et
854 2721 970 2784 omnia
994 2719 1063 2784 alia
1078 2728 1114 2784 et
1139 2722 1278 2802 singula

326 2813 540 2882 ⁶faciendum
558 2828 593 2884 et
616 2820 845 2884 exercendum
861 2840 939 2902 quae
963 2820 998 2882 in
1026 2821 1227 2901 praemissis,
1242 2829 1278 2885 et

326 2920 494 2997 circaea,
521 2921 718 2984 necessaria
742 2921 799 2983 vel
824 2928 1019 3003 opportuna
1043 2919 1183 2985 fuerint.
1231 2920 1278 2987 Et

325 3021 355 3083 si
378 3020 575 3085 mandatum
605 3020 749 3102 exigant
774 3021 935 3103 speciale,
952 3020 1193 3102 promittentes
1215 3041 1277 3103 pro

326 3122 425 3185 nobis
443 3130 478 3186 et
501 3120 692 3184 haeredibus
716 3123 854 3196 nostris,
874 3140 937 3184 nos
954 3127 1067 3183 ratum
1086 3128 1122 3184 et
1139 3128 1277 3203 gratum

326 3220 504 3285 habituros
529 3220 691 3303 quicquid
710 3241 773 3304 per
799 3221 983 3303 praedictos
999 3227 1137 3284 nostros
1154 3241 1277 3303 procu·

326 3331 459 3384 ratores
486 3329 529 3404 et
560 3322 716 3396 nuncioS,
745 3341 820 3398 sex,
849 3322 1015 3404 quinque,
1047 3328 1210 3403 quatuor,
1242 3328 1277 3385 ct

328 3427 398 3482 tres
413 3439 540 3495 eorum,
567 3427 681 3483 actum
699 3428 734 3484 et
749 3428 885 3503 gestum
900 3421 1004 3484 suerit
1027 3420 1063 3484 in
1078 3422 1278 3503 praemissiS,

327 3526 363 3582 et
378 3519 532 3601 quolibet
548 3521 816 3601 praemissorum.

376 3618 439 3682 ‘In
457 3617 555 3701 cujus
573 3619 622 3682 rei
638 3620 872 3686 testimonium
888 3619 950 3685 has
967 3622 1086 3685 literas
1104 3621 1178 3685 fieri
1195 3621 1277 3687 feci·

323 3738 401 3784 mus
417 3726 587 3801 patentes.

363 3942 368 3971 ¹
386 3944 523 4007 ‘debatisss
535 3947 607 4010 Rym.
814 3962 965 4011 quacunque
977 3950 1111 3999 securitate
1120 3944 1277 4009 firmandum,

359 4011 369 4042 ⁹
386 4015 499 4064 Omitted
511 4017 536 4063 in
548 4017 621 4080 Rym.
813 4032 843 4065 ac
866 4021 1026 4068 securitatem
1049 4035 1108 4080 quae
1129 4018 1202 4067 nobis
1224 4018 1277 4067 fieri

359 4081 370 4114 ³
386 4086 600 4149 ‘paciscendum’
612 4088 685 4151 Itym.
813 4086 921 4150 debeat,’
932 4095 980 4138 etc.
1172 4134 1176 4139 .

359 4152 368 4191 l
388 4157 459 4220 Rym.
469 4156 533 4204 adds
544 4156 587 4205 ‘et
603 4158 667 4206 inita
681 4156 785 4218 suomet,
848 4154 859 4185 ⁵
875 4157 1008 4208 ‘facienda
1019 4163 1045 4208 et
1051 4157 1210 4222 exercenda,’
1216 4158 1275 4208 MS.
