2902 4884
547 371 769 459 canonicos.
1065 394 1128 460 119

227 563 297 627 ‘Et
314 563 348 626 id
365 561 475 649 (quod
493 559 635 648 dicitur)
652 583 727 641 nos,
741 565 814 627 sine
829 565 917 629 scitu
933 572 967 629 et
985 585 1127 629 assensu

176 670 304 740 vestro,
321 683 399 727 cum
426 663 577 753 praefato
593 663 754 747 Philippo
778 671 917 748 treugas
943 673 978 735 et
998 672 1127 733 tracta·

179 772 252 828 tum
275 765 372 848 pacis
389 765 542 842 inivisse,
561 784 630 829 non
648 764 777 842 debuit,
798 765 1021 833 consideratis
1046 766 1127 831 facti

179 865 459 945 circumstantiis,
484 866 735 930 rationabiliter
753 885 816 930 vos
841 867 1010 947 movisse3
1034 868 1128 949 quia,

177 965 257 1032 dum
279 966 516 1031 obsidebamus
542 967 717 1031 civitatem
746 966 1011 1044 Tornaceusem,
1026 981 1126 1049 opor-

179 1067 246 1131 tuit
260 1085 454 1134 noseorum
465 1067 562 1149 sequi
577 1067 731 1144 consilia,
744 1067 803 1150 qui
814 1068 914 1136 nobis
925 1069 1127 1139 comitivam

178 1174 213 1231 et
245 1167 413 1235 auxilinm
443 1175 525 1235 tunc
554 1167 717 1244 fecerunt,
745 1175 781 1237 et
807 1168 987 1239 imminens
1012 1169 1127 1240 subita

177 1269 375 1360 necessitas,
399 1287 440 1337 ac
466 1268 620 1335 locorum
647 1267 822 1345 distantia,
845 1275 995 1339 vestram
1019 1288 1128 1351 super

176 1368 241 1432 hoc
258 1368 435 1435 consulere
457 1368 692 1435 celsitudinem
716 1369 854 1437 minime
874 1370 1124 1452 permiserunt;

180 1469 283 1535 immo
297 1469 396 1535 nobis
413 1468 500 1535 alias
516 1469 733 1537 concessistis
751 1469 854 1551 quod,
868 1489 945 1540 cum
961 1480 1125 1552 opportu-

177 1571 269 1637 nitas
297 1569 474 1648 arrideret,
501 1577 650 1637 tractare
676 1588 854 1652 possemus
875 1569 918 1635 de
941 1589 1038 1652 pace,
1065 1587 1126 1635 vo·

178 1670 231 1737 bis
253 1670 468 1748 inconsultis,
488 1670 542 1741 ita
564 1670 712 1753 [tamen]
738 1670 844 1752 quod,
863 1670 936 1737 sine
958 1688 1127 1741 consensu

178 1775 301 1846 vestro,
318 1790 438 1853 pacem
462 1771 599 1840 finalem
624 1791 701 1839 cum
721 1770 815 1841 dicto
833 1770 993 1853 Philippo
1017 1769 1127 1839 nulla·

177 1878 278 1937 tenus
289 1871 499 1947 faceremus;
527 1891 631 1955 quam
649 1890 823 1955 nunquam
840 1873 950 1941 facere
962 1890 1126 1954 propone·

177 1991 300 2050 remus,
327 1973 527 2056 priusquam
553 1978 706 2053 vestrum
730 1991 833 2055 super
860 1972 925 2043 hoc
950 1971 1126 2039 babuisse·

177 2091 254 2137 mus
269 2073 451 2154 providum
467 2073 647 2142 consilium
663 2082 698 2143 et
715 2092 904 2143 assensum.

221 2172 310 2238 ‘Sed
327 2192 463 2256 semper
474 2174 511 2239 in
521 2173 614 2240 votis
631 2173 799 2255 gessimus
810 2174 908 2238 vobis
922 2173 958 2237 in
969 2172 1126 2239 omnibus

177 2272 289 2341 facere
320 2274 414 2356 quod
445 2274 624 2341 debuimus
652 2274 759 2359 juxta
797 2275 908 2354 vires;
947 2280 1126 2356 sperantes

177 2374 269 2457 quod
291 2381 445 2458 paternae
461 2382 585 2442 vestrae
600 2374 779 2456 plenitudo
804 2374 1049 2440 benevolentiae
1067 2393 1125 2439 no-

177 2475 231 2541 bis
246 2475 289 2538 ad
307 2481 443 2558 tempus
458 2475 638 2557 benignius
653 2482 905 2558 supportasset.

223 2574 387 2644 ‘Videtur
408 2576 512 2645 etiam
535 2575 718 2659 aliquibus,
739 2576 829 2659 quod
849 2575 1023 2643 revocatio
1044 2574 1127 2643 dicti

177 2668 364 2746 vicariatus
389 2676 482 2746 sacta
514 2675 627 2744 suerat
655 2685 883 2759 praemature3
918 2695 995 2745 cum
1021 2676 1128 2759 juxta

177 2778 395 2859 sponsionem
419 2796 522 2860 super
540 2777 618 2854 hoc,
632 2797 693 2860 per
714 2777 907 2860 imperiales
929 2776 1046 2859 apices
1067 2796 1125 2844 ne

177 2877 231 2942 bis
247 2877 387 2956 factam,
403 2897 473 2946 non
491 2878 665 2946 debuisset
690 2877 763 2946 fieri
779 2896 960 2962 quousque
982 2896 1126 2957 regnum

179 2976 348 3055 Francia,
367 2979 424 3045 vel
449 2978 614 3063 majorem
637 2985 770 3061 partem
795 2978 958 3062 ejusdem,
983 2978 1126 3060 pacifice

169 3078 356 3150 ,fuissemus
371 3079 498 3162 adepti.

221 3178 439 3258 ‘Praemissa
462 3199 671 3262 quaesumus,
701 3179 785 3246 velit
801 3181 926 3247 innata
942 3179 1039 3244 vobis
1064 3199 1125 3245 no·

178 3278 294 3349 bilitas
318 3280 430 3348 debite
453 3281 655 3363 ponderare,
671 3287 706 3346 et
727 3280 873 3348 ulterius
896 3281 1009 3347 facere
1032 3280 1123 3362 quod

178 3380 332 3460 debebit3
359 3383 441 3463 quia
463 3401 525 3464 per
552 3382 622 3448 Dm
649 3380 810 3465 gratiam,
826 3382 924 3447 vobis
940 3388 980 3446 et
999 3381 1124 3447 vestris

177 3499 311 3563 semper
327 3481 434 3565 juxta
450 3502 645 3546 mensuram
658 3483 823 3564 impensae
835 3489 973 3562 vestrae,
988 3489 1124 3564 gratam

179 3581 341 3650 faciemus
358 3602 421 3664 pro
435 3583 567 3648 viribus
582 3581 823 3666 ¹repensivam.

226 3680 453 3748 ‘Celsitudini
467 3692 592 3749 vestrae
617 3683 721 3749 donet
746 3681 976 3750 Anrrssnuns·
997 3683 1124 3749 votivae

178 3782 352 3848 felicitatis
367 3782 594 3865 augmenta-'²

212 3931 412 3995 ¹‘repensam3’
445 3934 588 3999 Avesbury,
624 3952 640 3985 a
665 3937 696 3985 In
704 3937 886 4000 Avesburythe
897 3938 955 3987 date
967 3939 988 3986 is
1000 3938 1122 3987 different.

181 4005 345 4066 Hennaea.
667 4012 739 4070 1341,
769 4009 847 4059 ‘Dat
872 4009 1007 4057 Londoniis
1026 4013 1123 4076 xvuu‘}

213 4072 224 4101 ²
239 4075 286 4124 See
294 4075 425 4137 Rymer,v.
434 4079 492 4138 264,
499 4077 583 4127 where
597 4078 638 4129 the
664 4080 706 4128 die
717 4080 734 4128 J
737 4080 783 4128 ulii
796 4094 861 4127 anno
873 4080 942 4141 regni
956 4080 1033 4128 nostri
1048 4079 1125 4127 Fran-

176 4147 235 4196 date
271 4145 294 4194 is
329 4145 420 4195 added.
457 4148 533 4196 ‘Dati
570 4150 638 4210 apud
664 4151 711 4199 ciae
735 4149 855 4210 secundo,
877 4151 947 4212 regni
965 4165 1025 4200 vero
1047 4150 1124 4199 nostri

176 4218 281 4267 Westm.
293 4217 391 4266 decimo
403 4222 492 4278 quarto
502 4219 544 4268 die
554 4220 638 4270 sulii!
663 4219 764 4284 Angliae
775 4220 857 4270 xv¹¹¹⁰.'

1142 579 1248 619 Edward's

1141 631 1198 681 reply
1207 634 1229 670 to
1238 631 1274 669 the

1140 691 1243 732 emperor.
