2902 4884
536 429 755 477 cunoruoou.
931 413 933 416 ’
1073 418 1117 481 75

170 595 277 653 tatem
317 588 455 650 Doului
493 588 585 669 apud
616 587 845 669 Walingsord‚
880 609 957 654 cum
997 591 1117 673 regina

169 696 385 771 praegnante,
422 695 467 763 et,
497 688 604 752 finitis
631 688 739 766 sestis,
766 688 895 752 dimisit
921 709 996 754 cam
1025 692 1116 774 apud

170 787 386 853 Woodstock
400 790 444 853 ad
461 789 680 872 pariendum
708 789 835 872 etipse
852 799 931 873 post
947 791 1117 856 Purifica-

170 890 297 953 tionem
315 891 426 954 beatae
449 889 572 954 Mariae
595 889 774 954 transtulit
794 909 832 954 se
848 910 967 955 versus
984 892 1115 956 Ebora·

170 1009 260 1066 cum,
288 991 331 1055 ad
359 991 542 1056 tenendum
570 991 834 1073 parliamentum
859 991 996 1070 ibidem,
1024 993 1116 1075 quod

170 1091 225 1156 die
242 1091 350 1155 Lunae
375 1092 412 1154 in
432 1091 581 1155 secunda
605 1091 819 1156 hebdomada
834 1091 1116 1176 Quadragesimae
1128 1139 1196 1179 aaa

170 1191 356 1257 inchoavit.
400 1191 456 1256 Ad
483 1192 575 1275 quod
599 1193 862 1275 parliamentum
884 1177 1027 1259 vocatus
1052 1191 1248 1291 suitgfflpp

172 1291 363 1357 Edwardus
392 1313 455 1357 rex
481 1293 619 1370 Scotiae,
656 1293 716 1356 sed
756 1313 825 1357 non
847 1295 955 1371 venit,
977 1291 1251 1388 propterffffi,

170 1393 313 1458 insidias
330 1395 544 1458 inimicorum
562 1413 714 1471 suorum,
730 1394 765 1457 in
779 1394 900 1458 insulis
912 1390 1019 1479 juxta
1033 1394 1117 1459 Sco·

173 1495 257 1558 tiam
270 1495 480 1559 latitantium
494 1516 502 1574 3
521 1494 768 1578 propterquod
782 1495 876 1559 misit
893 1502 1117 1559 excusatores

171 1594 354 1673 solemnes,
377 1596 509 1660 scilicet
525 1596 681 1659 dominos
703 1594 752 1658 H.
772 1595 815 1659 de
835 1595 1065 1660 Bello-moute
1083 1603 1118 1660 et

171 1695 230 1760 W.
252 1696 294 1760 de
321 1695 573 1773 Monte-acuto,
601 1704 637 1761 et
663 1695 830 1778 quosdam
862 1696 949 1759 alios
976 1693 1117 1760 ¹milites

170 1815 232 1860 seu
247 1798 405 1860 barones

225 1896 305 1961 Hoc
332 1916 434 1973 anno,
461 1895 552 1960 circa
577 1896 703 1960 festum
731 1896 842 1961 sancti
870 1895 893 1960 J
896 1897 1030 1973 oannis,
1054 1915 1118 1960 rex
1129 1924 1167 1963 eut
1175 1924 1248 1963 surse-

172 1996 310 2079 Angeia
338 1998 469 2080 recepit
493 1997 689 2079 homagium
714 1997 876 2063 edwardi
899 1996 942 2061 ue
968 1996 1117 2080 aa11y01,
1128 1975 1234 2073 tillim

172 2099 264 2182 regis
277 2097 416 2174 Scotiae,
430 2098 520 2180 apud
536 2097 676 2162 Novum
690 2097 851 2163 Castrum
861 2116 965 2180 super
974 2099 1115 2176 Tinam3
1146 2085 1227 2126 ΜΨ·
1285 2158 1287 2163 .

173 2205 207 2261 et
225 2198 294 2263 cito
310 2206 433 2280 postea
449 2199 579 2280 recepit
595 2198 792 2280 homagium
811 2199 908 2262 ducis
927 2198 1118 2262 Britanniae

172 2318 234 2382 pro
257 2299 424 2362 comitatu
456 2297 726 2373 Richmundiae23
752 2305 787 2362 et
814 2299 1033 2381 postmodum
1056 2318 1117 2362 vo-

172 2400 266 2463 cavit
289 2399 452 2481 praelatos
475 2407 509 2463 et
536 2406 727 2481 magnates,
744 2399 835 2482 quod
856 2398 946 2463 infra
965 2419 1027 2463 sex
1045 2399 1118 2463 dies

173 2507 253 2583 post
278 2499 555 2564 Translationem
585 2500 696 2563 sancti
721 2499 864 2564 Thomee
892 2501 1048 2564 venirent
1073 2499 1117 2562 ad

173 2620 250 2664 eum
269 2600 361 2683 apud
380 2598 607 2682 Notingham,
624 2619 686 2682 pro
711 2600 856 2664 concilio
881 2607 916 2663 et
934 2599 1011 2665 aliis
1026 2607 1117 2665 trac·
1199 2634 1201 2638 ·

173 2702 303 2765 tatibus
323 2700 488 2764 habendis
505 2700 639 2764 ibidem.
694 2700 740 2765 Et
757 2708 837 2766 tunc
855 2700 1027 2766 ordinavit
1043 2720 1118 2785 par-

172 2800 374 2865 liamentum
400 2800 599 2879 LondoniiS‚
626 2808 661 2866 et
686 2802 964 2885 archiepiscopus
990 2822 1117 2867 convo-

174 2902 266 2966 cavit
299 2900 428 2964 clcrum
457 2902 582 2965 ibidem
610 2901 655 2965 ad
688 2909 845 2967 sanctum
873 2901 1036 2979 Paulum,
1063 2902 1118 2965 die

174 3001 281 3066 Lunae
295 3009 374 3084 post
387 3002 512 3066 festum
524 3002 758 3067 Exaltationis
775 3009 905 3066 sauctae
915 3002 1056 3071 Crucis.=
1072 3001 1119 3065 Et

174 3103 255 3185 quia
269 3100 374 3166 ³nova
386 3111 553 3167 venerunt
571 3104 614 3167 ad
632 3103 908 3186 parliamentum,
920 3102 1011 3184 quod
1024 3101 1119 3165 Scoti
1131 3131 1245 3170 raason

1131 3181 1173 3221 risa
1208 3181 1264 3220 sinet

173 3223 291 3267 omnes
307 3203 579 3280 insurrexerunt,
592 3211 627 3268 et
644 3210 808 3286 ceperunt
825 3202 999 3266 domiuum
1013 3202 1117 3266 Rich·
1131 3233 1168 3271 ue
1178 3193 1269 3282 l‘tprn

174 3303 294 3368 ardum
321 3303 477 3380 Talebot,
502 3311 536 3368 et
562 3324 625 3368 sex
653 3303 740 3367 alios
764 3301 903 3380 militae,
929 3310 963 3367 et
991 3303 1118 3366 multos
1131 3283 1192 3332 ‘⁰¹¹⁰‘

173 3404 305 3487 pedites
323 3404 533 3482 occiderunt,
551 3425 613 3468 rex
632 3405 789 3487 promisit
802 3424 840 3469 se
854 3403 983 3468 iturum
999 3422 1119 3467 versus
1176 3472 1178 3477 ,

175 3504 338 3582 Scotiam,
363 3523 427 3586 pro
455 3504 635 3568 Scotorum
662 3505 795 3569 malitia
820 3503 1058 3580 resraenanda3
1084 3511 1119 3569 et

172 3603 320 3688 populus
332 3606 500 3669 concessit
515 3605 580 3669 sibi
593 3621 653 3670 xv.
670 3605 846 3669 denarium
863 3605 906 3669 de
921 3605 1118 3688 temporali-

208 3845 356 3898 ¹‘baroues
372 3863 418 3898 seu
432 3845 543 3912 milites,’
557 3850 632 3899 Cord.
658 3847 732 3910 salse,
743 3847 811 3910 quod
821 3848 889 3896 idem
907 3860 990 3896 comes
1007 3861 1064 3895 cum
1076 3847 1120 3895 do·
1147 3886 1150 3890 .

122 3961 125 3967 .
173 3934 216 3981 ap.
230 3919 298 3969 Hcll.
659 3919 726 3967 mino
737 3933 796 3980 rege
807 3917 907 3980 Angliae
919 3916 1042 3978 quasdam
1054 3931 1118 3964 com·

208 3986 310 4041 ’θανά
327 4005 369 4052 ap.
387 3989 450 4039 Hau
466 3989 525 4038 here
542 3990 633 4038 inserts
660 3990 793 4050 petitiones
828 3986 1060 4050 [compositionest]
1094 3990 1120 4034 et

173 4061 215 4110 the
228 4061 358 4123 following
364 4064 496 4109 sentence:
507 4060 515 4087 ‘
525 4059 569 4120 qui
578 4059 634 4120 qui·
658 4059 883 4109 confoederationes
894 4057 963 4117 fecit,
971 4056 1054 4105 eidem
1065 4057 1119 4118 regi

173 4132 230 4180 dem
241 4144 323 4180 comm
340 4131 496 4191 postmodum
515 4144 633 4192 magnum
660 4131 774 4179 Franciae
786 4123 994 4191 praejudiciales!

175 4201 296 4251 sustinuit
322 4201 440 4249 damnum
473 4214 518 4261 per
550 4213 633 4262 rogem

174 4271 296 4334 Francia,
307 4271 352 4332 qui
364 4271 487 4332 imposuit
500 4270 558 4333 sibi,
574 4271 634 4318 licet
694 4265 704 4295 ³
720 4265 805 4331 ‘uon,'
817 4266 901 4318 Hotl's
911 4269 948 4319 ed.
