2902 4884
331 399 374 463 86
666 416 701 461 A.
720 415 936 463 numurus.

330 575 505 657 quantitas
530 575 685 656 pecuniae
712 593 775 657 pro
799 572 972 655 expensis
995 573 1039 637 ad
1071 572 1162 656 q'nod
1187 574 1281 656 regis

330 676 488 738 aerarium
520 694 587 737 non
612 673 756 739 suffecit.
810 674 897 736 Post
922 673 1019 755 [boc]
1044 693 1106 736 rex
1133 675 1280 737 accessit

330 774 373 837 ad
398 773 590 849 Coloniam,
613 774 657 837 ad
683 793 786 857 quam
813 772 989 837 descendit
1008 774 1081 837 dux
1104 773 1278 848 Bavariae,

328 894 392 938 rex
412 873 636 952 Alamanniae,
655 873 733 956 ¹qui
752 873 841 938 dixit
857 893 894 937 se
911 874 1164 956 imperatorem,
1181 873 1279 936 locu·

329 982 426 1038 turus
451 995 529 1038 cum
547 993 611 1054 e03
629 981 665 1037 et
680 973 798 1037 habito
826 993 903 1037 cum
930 973 1006 1056 ipso
1030 973 1172 1057 aliquali
1189 979 1278 1037 trac-

329 1082 415 1150 tatu,
434 1075 534 1138 rediit
560 1073 603 1136 ad
636 1074 871 1151 Brabantiam,
896 1081 932 1138 et
953 1074 989 1137 in
1015 1073 1099 1137 villa
1121 1074 1164 1137 de
1178 1070 1279 1136 Aud-

329 1194 425 1256 warp
463 1174 627 1238 remansit
659 1174 701 1237 ad
734 1182 880 1256 tempus.
946 1173 993 1238 Et
1023 1181 1102 1256 post
1140 1174 1281 1238 locutus

329 1273 418 1338 ²suit
440 1275 529 1339 idem
556 1294 616 1338 rex
636 1294 712 1339 cum
740 1274 825 1338 duce
845 1274 1018 1350 Bavariae,
1034 1274 1070 1336 in
1091 1274 1278 1356 imperato·

329 1394 400 1438 rem
426 1376 548 1451 electo,
574 1394 681 1457 prope
699 1373 888 1453 Coloniam,
916 1380 951 1438 et
980 1373 1073 1438 facta
1099 1375 1192 1438 inter
1219 1394 1279 1438 eos

329 1475 477 1556 quadam
509 1474 812 1550 confoederatione,
835 1474 937 1538 rediit
964 1493 1027 1537 rex
1054 1473 1097 1536 ad
1127 1473 1280 1538 Malines

328 1575 363 1637 in
379 1576 580 1639 Brabantia.
627 1574 828 1638 Cardinales
840 1591 935 1651 vero,
950 1580 986 1637 et
999 1574 1280 1658 archiepiscopus

329 1674 588 1739 Cantuaricnsis
614 1687 648 1738 et
685 1674 902 1757 e[piscopus]
931 1673 1187 1752 Dunelmensis,
1223 1694 1277 1739 re·

327 1786 528 1839 manserunt
545 1776 580 1838 in
595 1773 736 1838 civitate
750 1772 999 1838 Attrebatcnsi.

378 1874 458 1938 Hoc
489 1894 580 1938 anno
612 1876 648 1937 in
680 1875 829 1957 quodam
861 1874 1019 1951 concilio,
1047 1875 1121 1939 sive
1151 1874 1277 1957 parlia-

164 1999 315 2047 nptnumen
327 1981 454 2050 mento,
481 1981 575 2037 tento
597 1974 689 2057 apud
718 1973 1045 2056 Northamptoniam
1070 1993 1131 2056 per
1154 1975 1277 2039 ducem

164 2050 293 2149 blidin.
329 2073 525 2151 Cornubiae,
542 2074 718 2137 custodem
734 2073 884 2156 Angliae,
903 2080 938 2137 et
955 2074 1119 2155 praelatos
1148 2075 1276 2139 multos

164 2155 208 2189 ‘⁰¹¹'
329 2180 364 2236 et
389 2174 548 2251 barones,
566 2193 729 2238 concessa
754 2174 821 2238 fuit
844 2175 927 2238 lana
949 2173 1086 2237 domino
1111 2175 1184 2257 regi
1215 2195 1278 2256 per

328 2275 464 2357 eosqui
486 2275 625 2339 fuerunt
647 2283 843 2357 praesentes,
861 2262 904 2338 ad
927 2273 1169 2355 gravissimum
1188 2292 1277 2339 onus

327 2375 465 2456 populi3
489 2374 562 2450 sed,
587 2375 667 2458 quia
689 2375 801 2439 clerus
818 2376 915 2457 regni
932 2374 975 2437 ad
992 2374 1078 2437 illud
1094 2374 1276 2439 concilium

327 2494 397 2537 non
425 2474 491 2538 fuit
516 2483 670 2552 vocatus,
701 2476 896 2539 ordinatum
932 2473 998 2538 suit
1025 2475 1117 2556 quod
1134 2494 1276 2539 vocare-

326 2580 394 2637 tur.
444 2573 544 2638 Unde
588 2573 681 2638 facta
719 2574 966 2640 convocatione
1005 2574 1204 2652 Londoniis,
1232 2575 1275 2639 ad

326 2673 471 2754 primum
511 2673 601 2736 diem
641 2676 769 2738 mensis
802 2674 975 2751 Octobris,
1010 2693 1100 2738 anno
1132 2674 1272 2739 Domum

324 2774 628 2837 cocm⁰.xxxvl11l⁰.
656 2775 768 2838 clerus
795 2775 965 2838 concessit
992 2775 1064 2856 regi
1090 2794 1194 2837 unam
1215 2775 1273 2840 de·

324 2872 446 2936 cimam
464 2892 527 2955 pro
548 2893 638 2937 anno
663 2875 765 2937 tertio
782 2881 864 2938 tunc
887 2884 1063 2958 sequente,
1079 2875 1171 2938 ultra
1187 2876 1274 2941 duas

323 2972 472 3036 decimas
497 2973 593 3056 prius
618 2974 830 3056 promissas3
857 2981 893 3038 et
915 2974 1007 3057 qnod
1034 2974 1167 3040 decima
1191 2976 1272 3040 anni

324 3079 405 3136 tunc
439 3074 618 3156 praesentis
647 3074 840 3138 solveretur
869 3074 1022 3139 terminis
1055 3075 1270 3140 citerioribus

324 3191 427 3254 quam
461 3173 555 3255 prius
589 3173 655 3238 fuit
686 3174 891 3238 ordinatum.
947 3173 1161 3238 Solutionem
1186 3195 1269 3240 vero

322 3271 479 3335 lanarum
504 3293 668 3356 expresse
697 3272 899 3355 negarunt;³
925 3293 1011 3358 quas
1044 3282 1159 3338 tamen
1190 3276 1269 3340 laici

355 3447 592 3510 ¹‘inimperatorem
600 3449 713 3512 electus,’
723 3451 784 3512 lieg.
809 3450 863 3499 that
874 3451 914 3499 his
930 3455 1035 3500 convent
1045 3449 1177 3500 fumished
1191 3450 1272 3514 eight·

320 3520 354 3570 A.
365 3532 440 3569 xv111.
809 3535 854 3568 een
871 3520 955 3571 sacks.
992 3521 1098 3583 Knight.
1111 3522 1184 3571 25⁷0.
1220 3522 1270 3570 For

356 3587 367 3616 ²
380 3592 387 3618 ‘
398 3585 460 3638 fuit'
479 3589 501 3638 is
517 3589 580 3637 from
592 3590 656 3651 Reg.
668 3590 783 3640 A.xv111.
809 3590 905 3639 further
916 3595 970 3639 acts
987 3591 1015 3639 of
1030 3592 1162 3654 extortion,
1173 3604 1216 3641 see
1227 3591 1270 3642 the

321 3661 346 3709 It
357 3662 379 3708 is
391 3659 494 3708 omitted
505 3660 532 3706 in
546 3661 612 3709 Coit.
625 3661 663 3709 Cl.
677 3660 710 3709 E.
808 3674 876 3710 same
885 3661 911 3708 in
918 3661 1098 3724 continuation,
1105 3661 1199 3724 which,
1205 3661 1270 3711 from

356 3728 435 3777 ³The
446 3730 541 3791 clergy,
549 3729 675 3792 however,
683 3731 782 3778 incom-
807 3746 855 3780 our
881 3730 991 3779 author's
1019 3735 1160 3792 statement,
1182 3732 1270 3782 would

319 3815 376 3847 mon
387 3799 450 3849 with
461 3798 503 3846 the
514 3800 587 3860 laity,
597 3814 665 3849 were
681 3801 782 3863 obliged
806 3801 866 3850 tend
885 3805 911 3849 to
931 3801 1002 3850 show
1017 3800 1072 3849 that
1088 3801 1139 3851 this
1158 3802 1210 3850 and
1226 3802 1269 3851 the

318 3874 343 3917 to
354 3884 405 3930 pay
417 3871 452 3928 it;
470 3883 499 3918 as
510 3869 600 3930 Henry
611 3870 640 3918 of
654 3871 782 3919 Leicester
806 3871 904 3919 Frencb
923 3871 1051 3919 invasione
1062 3885 1130 3920 were
1147 3871 1269 3934 anything
1332 3907 1335 3910 -

317 3940 420 3988 testifica
435 3939 490 3988 that
506 3939 547 3988 the
565 3940 635 4003 king,
651 3942 684 4002 by
696 3955 781 3990 means
806 3941 851 3989 but
867 3956 895 3990 so
907 3941 1015 4002 popular
1025 3955 1054 3990 as
1071 3956 1118 3990 our
1133 3941 1269 3993 historiens

316 4009 345 4056 of
359 4009 466 4071 tallages
483 4009 532 4057 and
547 4012 699 4071 promissory
710 4016 780 4059 notes
805 4010 869 4059 have
880 4011 1039 4072 represented
1049 4011 1117 4060 them
1125 4016 1151 4059 to
1157 4012 1198 4062 be.
1220 4012 1269 4061 See

316 4077 336 4144 (‘
343 4079 449 4139 parvula
456 4075 779 4147 breviascripta’),obliged
805 4081 931 4129 Hearne’s
942 4081 1024 4129 Anon.
1035 4081 1150 4130 Historia
1158 4082 1208 4132 Ed.
1221 4082 1269 4144 IL,

315 4149 349 4197 all
360 4149 403 4198 the
411 4148 478 4197 wool
488 4154 513 4197 to
525 4149 556 4197 be
569 4151 642 4211 given
654 4166 689 4211 up
701 4155 727 4199 at
738 4151 779 4199 the
804 4152 918 4200 annexed
940 4156 966 4199 to
983 4152 1023 4200 his
1041 4152 1081 4201 ed.
1100 4152 1128 4200 of
1144 4152 1269 4215 Heming-

315 4223 368 4266 rate
380 4219 408 4266 oi
419 4220 477 4267 niue
489 4219 574 4268 marks
586 4235 631 4281 per
643 4219 716 4281 sack,
729 4221 779 4269 and
792 4256 794 4263 ,
805 4221 868 4283 ford,
880 4237 923 4282 pp.
935 4224 1077 4271 416-418.
