2902 4884
327 348 392 415 116
658 367 932 419 Α.,ΜυκιΜυτΗ.

165 524 290 614 migr·
328 524 466 589 assidue
488 523 730 600 distrahamur,
749 531 865 589 tamen
886 543 963 589 cum
990 523 1162 590 discordia
1190 526 1285 591 inter

167 625 293 665 mm·
330 633 364 691 te
396 631 432 690 et
458 624 661 709 praeclarum
686 624 886 708 Philippum
913 644 1028 707 regem
1048 624 1092 689 de
1118 625 1285 705 Francia,

330 724 466 791 affinem
497 733 653 790 nostrum
682 725 929 808 praedilectum,
967 746 1010 791 ex
1043 745 1115 809 qua
1148 726 1214 791 tibi
1250 735 1287 794 et

331 835 392 892 tuo
426 845 534 908 regno
559 826 814 909 quamplurima
847 845 1073 908 personarum
1104 834 1141 891 et
1165 847 1285 893 rerum

331 926 522 1010 dispendia,
538 926 615 1008 ipsa
639 946 708 991 non
730 926 863 1004 sedata,
878 927 914 991 in
936 926 1091 991 futurum
1118 933 1288 1011 poterunt

248 1008 253 1015 ¹
332 1028 480 1103 evenire,
501 1045 538 1090 se
562 1027 689 1091 nostris
712 1033 899 1110 praesentat
925 1027 1114 1106 obtutibus,
1134 1036 1288 1094 mentem

333 1134 486 1191 nostram
508 1126 691 1210 specialius
712 1127 822 1210 angit,
840 1133 875 1191 et
894 1128 1026 1192 excitat
1043 1134 1083 1192 ut
1099 1129 1143 1193 ed
1161 1129 1289 1195 tollen-

333 1227 412 1291 dam
434 1226 530 1291 illam
548 1227 698 1292 studium
718 1234 753 1292 et
772 1247 912 1310 operam
935 1234 1063 1293 nostrae
1080 1228 1290 1296 sollicitudi-

333 1328 386 1391 nis
402 1346 627 1411 apponamus.

384 1428 552 1511 ‘Propter
568 1428 672 1512 quod,
686 1430 773 1495 scire
787 1436 821 1494 te
839 1430 996 1495 volumus
1014 1431 1105 1514 quod
1117 1433 1288 1514 praefatus

335 1528 518 1612 Philippus
536 1529 580 1593 ad
603 1531 860 1613 requisitionem
877 1540 1031 1596 nostram
1050 1531 1147 1597 dedit
1172 1535 1288 1613 nohis,

334 1629 407 1693 suis
419 1629 541 1708 literis,
554 1636 763 1712 potestatem
776 1631 946 1697 tractandi
962 1633 1053 1697 inter
1066 1639 1100 1697 te
1109 1640 1145 1698 et
1158 1634 1290 1717 ipsum,

335 1736 370 1797 et
387 1730 603 1795 concordiam
620 1751 724 1813 super
739 1732 910 1797 discordia
925 1733 1090 1798 intervos
1105 1735 1289 1802 suscitata.

387 1829 523 1908 ‘Quam
547 1831 651 1894 etiam
677 1831 741 1897 tibi
762 1838 797 1896 et
819 1840 880 1896 tuo
897 1853 1016 1915 regno,
1034 1833 1190 1916 pensatis
1213 1835 1292 1901 dili·

337 1937 457 2013 genter
470 1932 628 1995 omnibus
643 1932 893 1999 conditionibus
907 1933 988 2011 tuis,
1002 1940 1038 1998 et
1054 1932 1291 2017 ¹alligatornm

336 2037 486 2107 tuorum,
497 2031 734 2115 multipliciter
748 2033 910 2116 expedire
924 2034 1113 2112 credentes,
1128 2036 1292 2103 amicitiae

337 2137 407 2195 tuae
428 2131 687 2214 persuademus
705 2140 807 2215 teque
831 2152 908 2197 cum
926 2133 1106 2216 diligentia
1131 2134 1309 2201 exhorta

337 2252 426 2308 mur,
443 2238 482 2295 ut
499 2231 542 2295 ad
569 2232 634 2296 hoc
658 2239 754 2297 tuum
777 2252 954 2297 assensum
979 2235 1148 2316 praebeas,
1165 2255 1236 2318 quo
1258 2244 1293 2303 te

338 2339 374 2396 et
399 2333 511 2416 ipsum
540 2352 704 2398 revocare
730 2352 909 2417 possemus
933 2333 978 2398 ad
1002 2335 1234 2414 concordiam,
1260 2343 1295 2402 et

338 2432 505 2497 intervos
524 2452 613 2499 verae
627 2433 723 2517 pacis
740 2434 871 2499 soedera
887 2434 1066 2515 ordinare;
1092 2435 1135 2500 ad
1154 2455 1235 2519 quae
1252 2436 1294 2502 li-

338 2532 435 2597 benti
450 2533 565 2597 animo
581 2553 706 2599 vacare
732 2534 904 2612 volumus,
931 2541 967 2599 et
990 2535 1187 2618 impendere
1210 2557 1294 2621 ope-

341 2651 420 2696 rosa
436 2634 674 2715 prosecutione
689 2634 836 2699 labores.

391 2731 461 2797 ‘Et
483 2733 519 2796 in
535 2751 604 2819 quo
620 2734 649 2798 si
667 2735 818 2800 consiliis
835 2735 963 2799 nostris
976 2735 1170 2801 consentire
1186 2742 1222 2801 et
1237 2757 1295 2803 ac·

341 2831 517 2915 quiescere
539 2834 702 2912 volueris,
717 2842 757 2899 ut
772 2854 959 2918 speramus
977 2835 1113 2918 placeat
1127 2836 1203 2915 tibi,
1224 2839 1292 2903 tuis

340 2932 462 3011 literis,
487 2935 587 2999 nobis
616 2934 698 2999 dare
723 2943 931 3018 potestatem
950 2937 1176 3018 'praemissam
1202 2943 1296 3002 trac-

342 3033 440 3097 tandi
461 3034 690 3113 concordiam,
707 3042 743 3100 et
757 3042 898 3118 treugas
915 3035 960 3099 ad
975 3055 1105 3103 annum
1119 3037 1177 3103 vel
1198 3038 1296 3103 hien-

342 3134 433 3198 nium
451 3135 644 3199 ordinandi.

393 3233 492 3299 ‘Nec
517 3244 552 3300 te
576 3242 715 3300 moveat
743 3236 895 3301 amicitia
917 3237 1007 3300 inter
1034 3257 1097 3303 nos
1120 3244 1155 3304 et
1180 3250 1299 3322 regem

346 3333 502 3399 Franciae
516 3335 720 3418 praedictum
734 3337 820 3401 inita
844 3343 879 3401 et
895 3343 1084 3404 contracta.
1137 3337 1232 3405 Nam
1252 3360 1298 3405 ex

344 3453 413 3517 quo
429 3440 467 3497 tu
482 3442 623 3516 treugas
645 3442 680 3500 et
696 3443 809 3501 certos
826 3435 989 3501 terminos
1008 3437 1053 3501 ad
1077 3439 1298 3505 tractandum

345 3533 387 3597 de
403 3534 586 3598 concordia
601 3536 693 3600 inter
709 3543 744 3601 te
758 3543 794 3600 et
808 3537 991 3619 praelatum
1006 3557 1122 3620 regem
1138 3538 1299 3606 Francius

344 3635 509 3716 accepisti
526 3636 655 3719 absque
666 3643 785 3701 nostro
802 3637 904 3715 scitu,
920 3637 1110 3717 voluntate,
1127 3646 1163 3704 et
1181 3658 1298 3706 assen-

345 3751 399 3810 su,
418 3734 460 3799 de
483 3736 625 3801 consilio
653 3744 849 3802 nostrorum
873 3738 1079 3820 principum,
1106 3739 1166 3823 qui
1194 3741 1297 3824 ligas,

345 3844 461 3918 pacta,
479 3851 514 3900 et
529 3837 672 3900 uniones
691 3844 827 3901 nostras
844 3845 1026 3915 noverunt,
1043 3839 1168 3921 quibus
1187 3841 1299 3907 visum

346 3934 449 4001 fuerit
465 3937 558 4019 qnod
577 3937 655 4015 hoc,
670 3937 768 4002 salvo
787 3937 916 4003 honore
939 3945 1071 4016 nostro,
1085 3939 1200 4005 facere
1216 3961 1298 4024 pos·
1331 4010 1336 4021 ,

660 4161 667 4191 ¹
684 4163 885 4228 ‘obligatorum’
896 4166 969 4230 aym.
