2902 4884
518 418 524 430 ,.
541 383 762 460 canonicor.
1063 367 1127 431 129

172 557 235 620 par
262 540 296 622 qi
322 539 460 605 defaute
486 560 573 605 vous
597 541 766 625 perdistes
789 541 890 631 issint
918 541 954 604 la
970 541 1052 605 ville
1080 542 1122 605 de
1135 555 1256 646 lsettrtgtrqpr

172 638 346 725 Tournay.
399 641 446 705 Et
459 660 550 705 ceux
566 642 601 725 qi
620 648 753 706 serrent
777 648 894 706 trever
916 642 1060 725 eopeble
1077 662 1121 706 en
1134 658 1232 734 errare.

172 759 277 803 escon
297 741 392 823 point
415 742 537 806 devers
564 762 660 820 vous,
677 762 772 807 come
799 743 866 806 bon
893 743 1045 826 seignur,
1070 743 1121 808 les

172 839 267 904 facez
290 842 369 905 bien
394 842 718 920 chestier,sou10nc
739 842 872 925 laley;
905 849 939 906 et
962 862 1075 926 qanqe
1100 863 1121 907 a

174 960 261 1005 nous
291 950 407 1024 epent,
433 962 519 1007 nous
550 949 703 1007 esterons
732 964 775 1007 en
802 950 898 1007 toutz
924 945 1040 1026 pointz
1074 964 1120 1010 au

168 1040 349 1123 jugement
365 1043 408 1105 de
424 1062 486 1106 nos
511 1044 622 1126 pieres
645 1044 741 1107 salve
763 1042 920 1109 totefoitz
942 1043 1058 1109 l’estat
1078 1045 1120 1110 de

173 1141 292 1215 nous‚¹¹
301 1154 337 1207 et
360 1144 403 1207 de
426 1151 522 1208 notre
547 1144 659 1222 ordre,
678 1144 806 1209 sicome
827 1163 915 1208 nous
932 1163 1041 1209 avons
1065 1164 1119 1230 es-

173 1243 280 1325 cripts
307 1245 382 1308 einz
408 1264 465 1308 ces
493 1244 627 1308 horres.
681 1245 726 1308 Et
757 1264 823 1327 pur
844 1244 953 1323 Dure,
980 1246 1060 1321 sire,
1078 1266 1120 1324 ne

174 1344 297 1407 voillez
313 1364 424 1409 crerre
451 1344 493 1408 de
511 1365 609 1422 noue,
631 1365 675 1408 ne
697 1345 739 1409 de
762 1365 823 1409 vos
846 1347 952 1409 bones
968 1353 1069 1427 gentz
1091 1347 1121 1410 si

174 1444 251 1506 bien
269 1465 350 1521 non,
373 1452 481 1510 avant
499 1464 541 1528 qe
563 1464 648 1510 reus
670 1446 792 1509 sacher
816 1446 850 1509 la
868 1447 987 1522 verite,
1005 1466 1069 1528 qar
1091 1448 1120 1528 si

176 1564 238 1607 vos
269 1553 370 1626 gentz
401 1554 534 1610 serrent
567 1547 687 1628 punitz
723 1566 806 1610 sanz
844 1565 1018 1628 response,
1046 1555 1122 1611 tout

173 1664 269 1708 serra
285 1665 331 1709 un
341 1647 522 1730 jugement
539 1647 598 1710 des
611 1648 710 1723 bone,
721 1655 755 1711 et
770 1646 830 1709 des
845 1647 942 1710 mals.
975 1647 1032 1723 Et,
1042 1647 1121 1723 sire,
1191 1693 1193 1698 .

174 1746 298 1810 voillez
328 1748 406 1811 bien
427 1766 552 1830 penser
573 1748 615 1811 de
634 1756 730 1812 votre
746 1746 904 1830 emprise,
918 1756 952 1811 et
974 1747 1029 1811 del
1052 1747 1121 1812 fort

171 1866 296 1930 ,enemy
316 1868 359 1930 qe
385 1867 470 1912 vous
492 1867 577 1919 avez
602 1867 666 1930 per
691 1847 763 1912 cele
789 1866 903 1925 cause,
930 1847 1031 1911 etde
1058 1843 1119 1911 ves

174 1949 303 2011 eremis
336 1945 512 2026 d’Escoce,
538 1949 801 2031 etdugraunt
829 1948 915 2031 peril
949 1948 991 2011 de
1022 1936 1120 2017 rotie

175 2055 278 2122 terre3
299 2068 357 2113 cer
366 2050 396 2113 si
405 2069 467 2114 vos
478 2049 620 2132 prelatn‚
630 2057 830 2131 grauntz,et
842 2057 937 2113 toutz
952 2048 1001 2112 les
1018 2068 1119 2130 seges

174 2149 217 2213 de
242 2156 341 2214 votre
365 2157 454 2214 terre
483 2148 636 2214 feussent
663 2157 786 2214 enteur
804 2148 886 2232 jour
911 2156 946 2213 et
970 2157 1063 2227 noet,
1086 2159 1121 2215 et

174 2249 265 2314 dune
291 2251 381 2315 bone
404 2251 579 2326 volounte,
608 2270 689 2314 sanz
715 2249 906 2327 devisioun,
931 2249 1121 2313 d'ordeiner

172 2370 234 2415 ceo
246 2371 288 2434 qe
302 2351 407 2415 mient
420 2351 541 2415 serreit
557 2351 674 2415 affaire
686 2370 729 2414 en
743 2350 773 2413 si
789 2369 908 2432 grosse
923 2350 1118 2431 bosoignes,

176 2450 219 2514 ils
240 2470 281 2514 en
301 2458 488 2536 avereyent
505 2471 602 2516 assez
620 2471 642 2515 a
653 2470 777 2534 penser
792 2471 813 2514 a
825 2450 1003 2514 meintenir
1022 2459 1133 2516 vetre.

172 2552 320 2635 emprise
341 2552 375 2617 el
402 2552 513 2616 honur
530 2552 573 2616 de
590 2572 689 2628 vous,
706 2563 741 2616 et
760 2571 781 2616 a
805 2552 840 2616 le
854 2551 1052 2616 salvacioun
1076 2552 1119 2617 de

171 2660 273 2718 notre
300 2659 401 2716 terre.
454 2653 500 2716 Et
521 2672 564 2716 ne
593 2653 725 2729 voillen,
746 2653 825 2731 sire,
849 2652 957 2717 amal
973 2652 1119 2735 prendre

173 2754 216 2817 de
246 2773 307 2817 ceo
335 2772 377 2836 qe
408 2773 495 2817 nous
521 2773 608 2818 vous
643 2772 817 2838 envoyons
847 2752 877 2817 si
906 2763 1120 2839 grossement

173 2854 209 2918 la
225 2854 346 2931 verite,
362 2872 426 2936 qer
437 2854 472 2917 la
488 2862 591 2935 grant
603 2851 781 2918 2affiaunce
795 2872 838 2936 qe
849 2873 935 2917 nous
952 2873 1059 2918 avons
1076 2873 1119 2917 en

172 2973 273 3031 vouS,
300 2960 335 3018 et
361 2962 456 3019 toutz
479 2954 578 3037 j0urs
605 2973 751 3019 everons
774 2954 895 3018 devers
914 2972 1014 3031 vous,
1036 2961 1071 3017 et
1087 2941 1119 3018 ⁴a

173 3055 210 3119 la
237 3054 438 3119 salvacioun
463 3055 506 3118 de
530 3061 630 3120 votre
652 3055 763 3119 honur
778 3062 814 3118 et
833 3054 876 3118 de
893 3060 991 3117 votre
1017 3061 1119 3130 terre,

172 3162 207 3220 et
236 3155 359 3220 auxint
393 3175 457 3238 pur
484 3175 544 3220 ceo
575 3157 650 3239 qele
684 3155 903 3238 apartiente
932 3173 1030 3230 nous,
1054 3174 1120 3237 pur

171 3275 234 3321 ceo
260 3274 303 3339 qe
332 3276 446 3320 sumes
477 3246 634 3338 ³indigne
664 3257 791 3340 primet
821 3255 863 3319 de
892 3261 968 3319 tout
995 3254 1120 3336 Engle

170 3364 273 3434 terre,
290 3363 325 3420 et
342 3364 440 3421 votre
456 3355 550 3440 piere
573 3357 735 3440 espiritel,
752 3376 840 3420 nous
866 3356 960 3421 excit
975 3354 1018 3420 de
1032 3376 1119 3421 vous

171 3457 244 3520 dire
271 3465 306 3521 et
328 3458 494 3521 maunder
518 3477 579 3521 ceo
604 3476 646 3540 qe
670 3465 752 3541 poet
778 3465 868 3521 estre
894 3477 937 3520 en
964 3458 1051 3541 peril
1077 3457 1119 3520 de

170 3564 270 3622 votre
302 3557 403 3635 alme,
431 3565 465 3622 et
489 3578 530 3621 en
561 3559 799 3642 peirissement
825 3559 868 3622 de
897 3577 984 3622 vous
1014 3565 1050 3622 et
1077 3558 1119 3620 de

168 3664 268 3723 votre
285 3666 386 3723 estat.

222 3757 296 3823 ‘Le
314 3759 429 3823 Seinte
447 3759 580 3842 Espirit
597 3780 684 3824 vous
710 3759 806 3823 salve
823 3770 858 3823 et
884 3759 1001 3840 garde,
1019 3777 1119 3840 corps

208 3958 215 3988 ¹
228 3960 361 4023 Avesbury
372 3962 445 4023 adde,
457 3962 551 4011 ‘saure
564 3966 633 4010 toutz
692 3959 702 3989 ³
718 3962 771 4011 The
783 3962 843 4011 MS.
861 3962 925 4011 adds
942 3963 1053 4025 ‘suneess
1068 3963 1119 4012 evi-

171 4033 220 4083 iois
239 4033 314 4095 iestet
335 4033 367 4081 de
387 4034 466 4082 seinte
487 4033 591 4095 Esgliee.
608 4037 634 4082 et
657 4032 744 4095 dently
756 4048 787 4081 an
805 4048 873 4081 error
889 4034 983 4096 erising
997 4034 1060 4083 from
1077 4033 1119 4082 the

169 4105 203 4152 de
214 4104 296 4165 nous,'
306 4104 352 4153 &e
658 4105 790 4166 repetition
801 4103 955 4152 of‘sumes.’
986 4104 1119 4166 Avesbury

206 4171 405 4235 '‘effeceioun,’
419 4172 551 4238 Arretium,
620 4173 1004 4244 ‚hes‘indignetutseioms’
1111 4167 1113 4174 ⁴

947 4265 970 4310 K
