2902 4884
165 1779 212 1818 The
220 1778 263 1817 esrl
273 1776 296 1816 ul

167 1828 295 1876 Nortbamp·

165 1883 202 1918 ton
211 1879 292 1918 defests

165 1930 203 1968 the
212 1930 269 1968 dulce
277 1929 301 1968 of

167 1978 278 2029 Britanuy.

322 384 387 448 136
663 399 699 446 n.
718 396 933 445 uuarnuvn.

323 556 502 625 dederunt,
529 556 587 619 ubi
627 555 727 619 multi
758 556 832 619 laesi
864 555 1012 632 fuerunt,
1045 562 1080 620 et
1119 554 1291 620 dominus

324 656 346 720 J
350 658 478 720 acubus
496 654 603 721 Lovel
630 656 776 722 occisus.
839 655 886 720 Et
901 662 1088 740 expectato
1104 655 1283 741 adjutorio

324 757 635 822 confoederatorum
668 757 759 838 regis
792 753 945 838 Angliee,
976 756 1036 839 qui
1066 763 1147 839 post
1180 757 1283 840 quin·

325 857 448 921 denam
471 863 659 937 venerunt3
683 865 718 921 et
744 857 864 921 audito
885 876 1034 934 rumore,
1049 857 1141 939 quod
1171 856 1288 922 domi·¹

325 976 389 1020 nus
417 956 570 1023 Karolus
601 957 642 1021 de
673 957 781 1040 Bloys
811 957 944 1021 veniret
976 956 1195 1035 festinanter,
1237 957 1283 1021 ad

325 1058 565 1122 removendam
586 1057 799 1122 obsidionem
827 1058 919 1122 villae
943 1064 978 1122 et
995 1059 1101 1123 castri
1122 1058 1282 1141 praedict-

325 1177 435 1221 orum.
485 1157 532 1222 Et
567 1158 726 1222 dominus
759 1177 872 1222 comes
901 1164 936 1223 et
963 1159 1017 1222 sui
1052 1166 1283 1242 expecierunt

326 1257 451 1321 ibidem
478 1276 587 1342 usque
613 1259 656 1321 ad
676 1258 765 1323 diem
788 1257 898 1322 Lunae
923 1259 959 1322 in
990 1259 1142 1324 crastino
1170 1259 1283 1325 sanmi

328 1357 532 1432 Michaelis;
553 1379 621 1442 quo
638 1358 693 1423 die
713 1359 825 1423 dictus
840 1359 998 1423 domiuus
1015 1358 1170 1424 Karolus
1188 1361 1284 1426 venit

327 1477 404 1521 cum
431 1461 587 1541 potentia
614 1479 677 1523 sua
702 1461 806 1523 trium
831 1459 976 1524 millium
1007 1466 1233 1537 armatorum,
1247 1468 1283 1525 et

327 1558 421 1623 mille
439 1558 727 1642 ¹quingentorum
747 1558 771 1622 J
774 1561 988 1636 anuensium,
1011 1568 1046 1624 et
1062 1561 1283 1643 popularium

328 1659 402 1723 sine
440 1680 582 1725 numero
624 1661 808 1736 aestimato,
845 1666 880 1723 et
919 1661 1284 1744 appropinquaverunt

329 1779 436 1843 prope
469 1762 628 1824 comitem
662 1761 754 1824 circa
792 1759 911 1824 horam
953 1779 1090 1826 nonam.
1129 1761 1177 1825 Et
1192 1762 1283 1827 idem

330 1879 443 1923 comes
473 1880 550 1923 cum
587 1862 742 1942 potentia
767 1879 831 1924 sua
857 1880 895 1924 se
920 1861 1029 1926 traxit
1052 1881 1174 1926 versus
1213 1882 1283 1942 eos,

332 1960 515 2042 peditando
539 1968 676 2025 maturo
703 1981 836 2041 gressu,
866 1969 902 2025 et
935 1960 1041 2044 elegit
1071 1962 1138 2026 sibi
1156 1963 1283 2042 locum,

330 2060 365 2123 in
393 2079 474 2142 quo,
498 2059 578 2124 Duo
599 2061 760 2145 juvante,
786 2068 970 2144 pugnaret,
992 2070 1027 2127 et
1049 2061 1224 2128 interfecit
1249 2071 1284 2129 et

331 2160 521 2244 captivavit
558 2159 743 2226 ‘²ducentos
771 2169 923 2226 armatos
957 2162 1001 2225 ad
1033 2163 1169 2238 minus;
1211 2165 1286 2248 ipse

332 2282 413 2326 vero
440 2281 554 2326 comes
585 2262 713 2326 nullam
741 2262 925 2326 notabilem
952 2281 1136 2345 personam
1157 2265 1285 2342 amisit,

333 2362 399 2426 uisi
426 2363 599 2426 dominum
618 2362 825 2426 Edwardum
850 2361 882 2425 le
898 2363 1105 2445 Desponser,
1129 2365 1191 2447 qui
1221 2365 1286 2430 fuit

302 2503 303 2506 κ
332 2463 533 2528 interfectus
548 2463 692 2527 ibidem:
718 2463 768 2526 ita
783 2462 1039 2544 quod,Gallicis
1055 2465 1234 2529 conversis
1250 2465 1285 2530 in

332 2562 462 2642 fugam,
480 2583 621 2645 campus
647 2582 723 2626 cum
758 2563 883 2627 comite
907 2563 1211 2646 Northamptoniae
1231 2584 1285 2630 re·

333 2663 470 2726 mansit.
1270 2748 1273 2753 ἱ

384 2762 431 2827 Et
457 2771 535 2846 post
564 2784 735 2828 recessum
768 2766 850 2829 dicti
876 2767 1011 2830 comitis
1044 2774 1079 2830 et
1111 2768 1287 2833 exercitus

333 2863 388 2927 sui
410 2883 530 2928 versus
549 2865 777 2943 Britanniam,
803 2885 864 2929 rex
877 2864 1026 2948 Angliae,
1054 2886 1130 2930 cum
1158 2887 1286 2950 magno
1357 2951 1359 2956 Ι

334 2966 489 3030 exercitu
519 2974 729 3030 armatorum
753 2975 788 3029 et
804 2967 970 3049 peditum,
986 2986 1024 3031 se
1041 2967 1151 3031 traxit
1167 2988 1287 3033 versus

334 3065 529 3143 Sandwich,
554 3075 743 3149 expectans
772 3066 1002 3131 reversionem
1033 3067 1184 3145 navium,
1214 3076 1286 3133 tam

333 3167 392 3244 ibi,
411 3187 513 3248 quam
533 3167 622 3249 apud
635 3166 867 3240 Winchelsee;
891 3167 982 3249 quod
1005 3167 1200 3250 percipiens
1223 3190 1283 3234 rex

335 3265 504 3344 Francia,
527 3266 621 3329 misit
648 3267 837 3349 potentiam
871 3286 968 3330 suam
1003 3287 1064 3351 per
1096 3279 1215 3351 partes
1244 3270 1288 3334 de

334 3364 472 3448 Caleys,
488 3374 522 3429 et
538 3366 690 3429 omnium
708 3374 869 3449 portuum
894 3387 1003 3450 usque
1027 3368 1071 3432 ad
1097 3369 1287 3434 marchiam

335 3464 523 3528 Britannice
542 3464 700 3529 Minoris,
756 3466 803 3531 Et
821 3468 901 3550 quia
918 3486 1025 3531 naves
1040 3466 1200 3549 Anglicee
1218 3489 1288 3535 non

334 3575 502 3628 venerunt
516 3565 567 3628 ita
589 3564 670 3642 cito,
687 3565 777 3631 sicut
801 3587 861 3630 rex
878 3567 998 3645 voluit,
1018 3569 1128 3633 traxit
1153 3589 1286 3635 moram

333 3664 368 3727 in
398 3663 525 3728 Cantia
557 3684 667 3747 usque
701 3667 745 3730 ad
777 3675 918 3732 octavas
950 3668 1063 3732 sancti
1090 3669 1287 3750 Michaelis,

333 3761 403 3849 ³[et
427 3777 506 3828 tunc
524 3785 599 3829 cum
625 3768 716 3830 omni
735 3769 892 3832 exercitu
908 3788 970 3832 suo
987 3789 1023 3832 se
1041 3770 1149 3833 traxit
1165 3790 1287 3836 versus

334 3865 569 3944 Portesmuth,
586 3867 628 3930 ad
651 3887 751 3950 quem
777 3868 890 3932 locum
917 3868 998 3933 fecit
1022 3870 1137 3933 venire
1167 3891 1287 3937 omnes

333 3986 439 4032 naves
480 3988 566 4050 quas
592 3969 705 4050 potuit
737 3968 873 4045 habere,
897 3977 1000 4033 vento
1031 3990 1197 4052 prospero
1228 3993 1286 4037 ex-

368 4113 375 4142 ¹
394 4118 592 4178 ‘ducentorum'
605 4119 679 4180 Nero,
692 4117 725 4166 D.
733 4129 758 4166 x.
856 4114 866 4144 ³
883 4117 959 4166 What
978 4120 1076 4169 follows
1096 4121 1119 4169 is
1138 4123 1243 4173 omitted
1259 4125 1286 4174 in

368 4186 377 4215 ²
394 4189 401 4213 ‘
410 4186 550 4251 trecentos,’
569 4188 628 4237 ibid.
822 4187 897 4250 Nero,
907 4189 939 4237 D.
948 4203 974 4238 x.
