2902 4884
540 385 760 434 cunculcou.
1064 372 1126 436 131

173 537 282 620 vensi,
303 550 337 607 et
357 535 586 624 Bangorensi,
611 541 744 608 caeteris
776 561 814 607 se
838 537 1123 619 ¹excusantibus;

173 642 217 705 ad
235 643 327 725 quod
348 641 529 707 concilium
546 643 701 720 abbates,
715 643 858 726 priores,
871 644 995 723 clerus,
1011 652 1046 710 et
1068 665 1126 711 ca-

173 743 296 825 pitula,
314 743 429 808 vocati
456 763 524 807 non
556 743 696 807 suerunt
722 763 884 827 praeesse,
910 746 970 809 sed
1003 746 1033 809 si
1061 764 1125 811 sua

172 843 349 908 crederent
366 844 543 908 interesse.
595 843 639 907 In
659 863 727 926 quo
745 845 889 908 concilio
908 845 1019 910 multa
1035 854 1126 911 trac·

173 951 248 1008 tata
261 942 402 1009 fuerunt
424 964 487 1027 pro
504 943 674 1008 libertatis
691 945 934 1009 ecclesiasticae
959 947 1123 1010 observa-

172 1044 278 1120 tione,
294 1052 329 1108 et
355 1064 488 1109 morum
512 1044 764 1123 reformatione,
783 1065 859 1128 quae
876 1054 959 1110 tunc
976 1066 1044 1111 non
1061 1066 1123 1129 po·

172 1151 288 1209 terant
311 1145 506 1219 terminari;
531 1145 591 1208 sed
614 1165 723 1228 usque
746 1145 790 1209 ad
817 1145 911 1209 aliud
929 1146 1123 1225 concilium,

172 1243 330 1308 similiter
348 1245 619 1322 convocandum,
637 1244 773 1309 fuerant
790 1247 907 1310 omnia
923 1258 1122 1330 prorogata.

173 1342 270 1424 [Quo
288 1346 433 1410 concilio
448 1346 629 1427 pendente,
646 1346 690 1409 ad
708 1347 984 1428 procurationem
1001 1348 1124 1430 praela-

172 1453 286 1509 torum
302 1453 337 1509 et
352 1447 566 1528 quorundam
583 1447 758 1524 comitum,
780 1446 845 1535 suit
868 1447 1026 1530 quaedam
1052 1453 1125 1531 pax'

170 1545 393 1627 interregem
411 1554 446 1610 et
465 1547 759 1629 archiepiscopum
782 1547 979 1623 reformata,
991 1549 1123 1612 utinam

173 1645 217 1708 ad
233 1645 397 1711 honorem
412 1647 565 1711 ecclesiae
583 1645 835 1729 Anglicanae.]²

224 1745 304 1811 Hoc
343 1767 433 1812 anno
469 1747 561 1811 circa
590 1746 790 1812 Adventum
824 1748 978 1824 Donum,
1004 1747 1256 1853 auditossglfflin

173 1864 309 1911 rumore
342 1847 434 1930 quod
478 1847 595 1913 David
635 1849 667 1911 le
706 1849 832 1931 Bruys,
865 1849 924 1930 qui
954 1844 1125 1913 diutinam
1135 1864 1241 1904 eotland·

172 1966 304 2011 moram
338 1949 447 2011 traxit
480 1949 517 2011 in
549 1949 706 2012 Franciae
742 1949 912 2032 partibuS,
952 1943 1122 2013 consensu

173 2047 326 2130 Philippi
341 2048 384 2111 de
400 2048 536 2132 Valoys
553 2049 680 2113 rediret
696 2050 732 2113 in
747 2049 897 2113 Scotiam
916 2068 994 2113 cum
1009 2050 1126 2113 multi-

173 2147 292 2211 tudine
319 2156 542 2226 armatorum,
564 2159 598 2214 et
624 2156 756 2214 teneret
782 2150 830 2212 ibi
859 2149 988 2213 Natale
1016 2170 1124 2232 prope

171 2248 359 2313 marchiam
381 2248 530 2330 Angliae,
546 2270 605 2313 rex
627 2249 766 2331 Angliae
790 2269 866 2313 cum
890 2250 1014 2314 comite
1036 2250 1123 2313 Der·

172 2349 283 2431 beyae,
301 2357 337 2412 et
357 2350 434 2414 aliis
449 2351 592 2414 armatis
607 2350 739 2432 pauciS,
753 2369 790 2413 se
808 2350 986 2413 transtulit
1003 2369 1123 2413 versus

174 2446 338 2527 Scotiam,
358 2457 394 2514 et
417 2450 536 2515 audito
561 2450 652 2532 quod
681 2449 796 2514 David
820 2450 852 2513 le
873 2450 987 2532 Bruys
1012 2450 1123 2514 voluit

173 2549 288 2613 tenere
326 2549 455 2614 Natale
490 2551 580 2633 apud
611 2549 783 2627 ³Menros,
810 2570 872 2614 rex
908 2551 1122 2633 praeveniens

173 2650 285 2713 tenuit
315 2670 416 2714 suum
440 2650 568 2715 Natale
589 2650 727 2729 ibidem,
754 2657 789 2714 et
818 2671 879 2733 per
902 2644 1046 2715 nuncios
1063 2653 1130 2715 ob:

173 2751 254 2814 tulit
284 2770 321 2814 se
347 2758 508 2834 paratum
530 2770 686 2834 pugnare
713 2771 790 2815 cum
813 2749 942 2832 Scotis;
973 2751 1034 2814 sed
1057 2752 1123 2834 ipsi

172 2851 357 2914 noluerunt
378 2871 530 2934 pugnam
554 2851 705 2934 aliquam
729 2857 925 2933 expectare,
948 2850 1008 2915 sed
1031 2852 1123 2917 ultra

173 2970 267 3014 mare
283 2950 409 3017 Scotlae
430 2949 621 3016 latitarunt.
676 2952 754 3015 Rex
776 2959 891 3015 tamen
909 2959 944 3014 et
958 2952 1012 3015 sui
1027 2951 1122 3034 quae·

173 3051 328 3116 siverunt
349 3051 475 3117 habere
500 3052 611 3116 facere
636 3072 713 3116 cum
734 3051 874 3127 eisdem,
900 3058 946 3128 et,
969 3064 1136 3134 quareo-'¹

173 3151 230 3228 do,
243 3172 386 3234 magnas
402 3153 577 3237 hyemales
599 3153 779 3232 angustias
794 3152 1006 3231 tolerarunt;
1034 3153 1122 3216 mul-

171 3260 296 3336 tasque
327 3254 463 3336 praedas
495 3261 671 3335 ceperunt,
697 3262 732 3316 et
766 3253 913 3334 patriam
938 3247 1123 3317 'vastarunt

171 3354 311 3435 ubique.
361 3353 429 3418 Sed
458 3354 597 3436 quidam
622 3372 644 3416 a
669 3354 740 3416 suis
765 3359 800 3416 et
820 3353 961 3430 nostris,
975 3354 1076 3436 pauci
1102 3372 1123 3417 a

172 3472 257 3517 casu
274 3454 416 3518 fortuito
442 3454 646 3517 ceciderunt.
700 3453 745 3516 Et
771 3453 920 3518 finaliter
948 3452 1015 3517 fuit
1036 3455 1123 3518 inita

173 3560 381 3635 unatreuga
398 3554 566 3637 usquead
584 3554 708 3617 festum
733 3554 968 3620 Pentecostes
1006 3548 1009 3552 ⁴

211 3654 258 3718 Et
267 3655 383 3718 statim
394 3654 718 3736 fuitproclamatum
727 3674 833 3717 unum
846 3663 1122 3719 tournamentum
1135 3668 1251 3758 &3333
1262 3720 1283 3757 at

208 3807 283 3859 rsee
299 3809 342 3858 the
358 3809 522 3871 proceedings
542 3808 571 3856 ol
585 3807 635 3856 this
660 3808 702 3857 the
729 3824 880 3871 possessore,
908 3825 936 3858 οἳ
961 3810 1002 3857 the
1031 3769 1258 3857 doubleDunstable.

172 3880 435 3941 councilinWilkins,
446 3879 526 3927 under
537 3878 579 3926 the
589 3877 636 3926 fol·
661 3880 760 3927 council
779 3881 808 3928 of
827 3880 930 3928 London
958 3894 990 3927 on
1021 3878 1122 3941 general

171 3952 267 4012 lowing
285 3965 368 4012 years,
386 3951 424 3998 for
442 3951 462 3997 it
481 3950 503 3997 is
519 3948 635 3997 doubtful
660 3950 840 4013 discipline,in
853 3954 924 3999 1342.

171 4021 285 4070 whether
306 4021 349 4069 the
375 4025 428 4072 text
445 4019 523 4069 refers
546 4023 571 4066 to
593 4019 635 4067 the
696 4050 838 4102 ,Omitted
853 4054 879 4100 in
889 4053 956 4100 Nm
971 4051 1029 4099 DX

171 4092 272 4141 council
298 4091 357 4139 held
387 4095 413 4139 at
435 4089 592 4150 Canterbury
610 4090 636 4136 in
957 4087 965 4113 ’
1001 4089 1006 4099 '
1033 4089 1038 4100 '

174 4161 359 4224 1341,against
370 4161 441 4210 those
453 4160 510 4208 who
521 4159 637 4208 solicited
696 4154 707 4187 ³
723 4156 765 4205 Sic
776 4155 836 4205 MS.
855 4154 958 4203 Melros.
994 4153 1123 4215 Knighton

172 4233 306 4292 beneficos,
322 4231 414 4293 during
430 4230 471 4278 the
489 4229 592 4278 lifetime
612 4230 641 4277 os
663 4229 716 4277 also
727 4227 773 4275 bas
785 4224 922 4274 ‘Menros’
967 4300 983 4344 2

933 4309 950 4342 x
